========TIMESTAMP=========   TYPE:    ===ORDER INFORMATION===
2020/06/01 11:58:20.377111    BID    BTC/USDT,9580.605610,0.010000    
2020/06/01 11:58:20.377111    BID    DOGE/BTC,0.000001,1.000000    
2020/06/01 11:58:20.377111    BID    DOGE/USDT,0.002760,1.000000    
2020/06/01 11:58:20.377111    BID    ETH/BTC,0.025180,0.010000    
2020/06/01 11:58:20.377111    BID    ETH/USDT,240.660232,0.010000    
2020/06/01 11:58:25.382024    ASK    BTC/USDT,9495.000000,0.010010    
2020/06/01 11:58:25.382024    BID    DOGE/BTC,0.000001,1.002000    
2020/06/01 11:58:25.382024    BID    DOGE/USDT,0.002760,1.002000    
2020/06/01 11:58:25.382024    BID    ETH/BTC,0.025180,0.010020    
2020/06/01 11:58:25.382024    BID    ETH/USDT,240.299530,0.010020    
2020/06/01 11:58:30.386494    ASK    BTC/USDT,9495.454545,0.009999    
2020/06/01 11:58:30.386494    BID    DOGE/BTC,0.000001,1.004004    
2020/06/01 11:58:30.386494    BID    DOGE/USDT,0.002760,1.004004    
2020/06/01 11:58:30.386494    BID    ETH/BTC,0.025179,0.010040    
2020/06/01 11:58:30.386494    BID    ETH/USDT,239.871200,0.010040    
2020/06/01 11:58:35.391327    ASK    BTC/USDT,9493.587121,0.009989    
2020/06/01 11:58:35.391327    BID    DOGE/BTC,0.000001,1.005008    
2020/06/01 11:58:35.391327    BID    DOGE/USDT,0.002760,1.005008    
2020/06/01 11:58:35.391327    BID    ETH/BTC,0.025181,0.010060    
2020/06/01 11:58:35.391327    BID    ETH/USDT,239.871200,0.010060    
2020/06/01 11:58:40.395537    ASK    BTC/USDT,9498.534780,0.009979    
2020/06/01 11:58:40.395537    BID    DOGE/BTC,0.000001,1.006013    
2020/06/01 11:58:40.395537    BID    DOGE/USDT,0.002760,1.006013    
2020/06/01 11:58:40.395537    BID    ETH/BTC,0.025181,0.010080    
2020/06/01 11:58:40.395537    ASK    ETH/USDT,234.047156,0.010080    
2020/06/01 11:58:45.400239    ASK    BTC/USDT,9500.360270,0.009969    
2020/06/01 11:58:45.400239    BID    DOGE/BTC,0.000001,1.008025    
2020/06/01 11:58:45.400239    BID    DOGE/USDT,0.002760,1.008025    
2020/06/01 11:58:45.400239    BID    ETH/BTC,0.025181,0.010080    
2020/06/01 11:58:45.400239    BID    ETH/USDT,240.000000,0.010080    
2020/06/01 11:58:50.409157    ASK    BTC/USDT,9495.454545,0.009959    
2020/06/01 11:58:50.409157    BID    DOGE/BTC,0.000001,1.010041    
2020/06/01 11:58:50.409157    BID    DOGE/USDT,0.002760,1.010041    
2020/06/01 11:58:50.409157    BID    ETH/BTC,0.025181,0.010090    
2020/06/01 11:58:50.409157    BID    ETH/USDT,240.299530,0.010090    
2020/06/01 11:58:55.413729    BID    BTC/USDT,9586.092437,0.009948    
2020/06/01 11:58:55.413729    BID    DOGE/BTC,0.000001,1.012061    
2020/06/01 11:58:55.413729    BID    DOGE/USDT,0.002760,1.012061    
2020/06/01 11:58:55.413729    BID    ETH/BTC,0.025161,0.010110    
2020/06/01 11:58:55.413729    BID    ETH/USDT,240.000000,0.010110    
2020/06/01 11:59:00.419047    BID    BTC/USDT,9587.687624,0.009958    
2020/06/01 11:59:00.419047    BID    DOGE/BTC,0.000001,1.014085    
2020/06/01 11:59:00.419047    ASK    DOGE/USDT,0.002425,1.014085    
2020/06/01 11:59:00.419047    BID    ETH/BTC,0.025161,0.010121    
2020/06/01 11:59:00.419047    BID    ETH/USDT,240.299530,0.010121    
2020/06/01 11:59:05.424678    BID    BTC/USDT,9586.092437,0.009968    
2020/06/01 11:59:05.424678    BID    DOGE/BTC,0.000001,1.014085    
2020/06/01 11:59:05.424678    ASK    DOGE/USDT,0.002425,1.014085    
2020/06/01 11:59:05.424678    BID    ETH/BTC,0.025180,0.010141    
2020/06/01 11:59:05.424678    BID    ETH/USDT,240.000000,0.010141    
2020/06/01 11:59:10.429963    BID    BTC/USDT,9586.092437,0.009978    
2020/06/01 11:59:10.429963    BID    DOGE/BTC,0.000001,1.014085    
2020/06/01 11:59:10.429963    BID    DOGE/USDT,0.002760,1.014085    
2020/06/01 11:59:10.429963    BID    ETH/BTC,0.025179,0.010161    
2020/06/01 11:59:10.429963    BID    ETH/USDT,240.000000,0.010161    
2020/06/01 11:59:15.435027    BID    BTC/USDT,9587.687624,0.009987    
2020/06/01 11:59:15.435027    BID    DOGE/BTC,0.000001,1.016113    
2020/06/01 11:59:15.435027    ASK    DOGE/USDT,0.002425,1.016113    
2020/06/01 11:59:15.435027    BID    ETH/BTC,0.025179,0.010181    
2020/06/01 11:59:15.435027    BID    ETH/USDT,239.802762,0.010181    
2020/06/01 11:59:20.439504    ASK    BTC/USDT,9497.000000,0.009997    
2020/06/01 11:59:20.439504    BID    DOGE/BTC,0.000001,1.016113    
2020/06/01 11:59:20.439504    ASK    DOGE/USDT,0.002425,1.016113    
2020/06/01 11:59:20.439504    BID    ETH/BTC,0.025179,0.010202    
2020/06/01 11:59:20.439504    ASK    ETH/USDT,234.100000,0.010202    
2020/06/01 11:59:25.443765    BID    BTC/USDT,9587.687624,0.009987    
2020/06/01 11:59:25.443765    BID    DOGE/BTC,0.000001,1.015097    
2020/06/01 11:59:25.443765    ASK    DOGE/USDT,0.002425,1.015097    
2020/06/01 11:59:25.443765    BID    ETH/BTC,0.025179,0.010202    
2020/06/01 11:59:25.443765    ASK    ETH/USDT,233.948542,0.010202    
2020/06/01 11:59:30.448327    BID    BTC/USDT,9587.687624,0.009997    
2020/06/01 11:59:30.448327    BID    DOGE/BTC,0.000001,1.015097    
2020/06/01 11:59:30.448327    ASK    DOGE/USDT,0.002425,1.015097    
2020/06/01 11:59:30.448327    BID    ETH/BTC,0.025179,0.010202    
2020/06/01 11:59:30.448327    ASK    ETH/USDT,233.948542,0.010202    
2020/06/01 11:59:35.453786    ASK    BTC/USDT,9498.534780,0.010006    
2020/06/01 11:59:35.453786    BID    DOGE/BTC,0.000001,1.014082    
2020/06/01 11:59:35.453786    ASK    DOGE/USDT,0.002425,1.014082    
2020/06/01 11:59:35.453786    BID    ETH/BTC,0.025179,0.010202    
2020/06/01 11:59:35.453786    ASK    ETH/USDT,233.948542,0.010202    
2020/06/01 11:59:40.459422    ASK    BTC/USDT,9500.360270,0.009996    
2020/06/01 11:59:40.459422    BID    DOGE/BTC,0.000001,1.014082    
2020/06/01 11:59:40.459422    ASK    DOGE/USDT,0.002425,1.014082    
2020/06/01 11:59:40.459422    BID    ETH/BTC,0.025179,0.010202    
2020/06/01 11:59:40.459422    ASK    ETH/USDT,234.000000,0.010202    
2020/06/01 11:59:45.463747    BID    BTC/USDT,9581.610800,0.009986    
2020/06/01 11:59:45.463747    BID    DOGE/BTC,0.000001,1.014082    
2020/06/01 11:59:45.463747    ASK    DOGE/USDT,0.002425,1.014082    
2020/06/01 11:59:45.463747    BID    ETH/BTC,0.025180,0.010202    
2020/06/01 11:59:45.463747    BID    ETH/USDT,239.802762,0.010202    
2020/06/01 11:59:50.468878    BID    BTC/USDT,9580.000000,0.009996    
2020/06/01 11:59:50.468878    BID    DOGE/BTC,0.000001,1.014082    
2020/06/01 11:59:50.468878    ASK    DOGE/USDT,0.002425,1.014082    
2020/06/01 11:59:50.468878    BID    ETH/BTC,0.025179,0.010222    
2020/06/01 11:59:50.468878    BID    ETH/USDT,240.299530,0.010222    
2020/06/01 11:59:55.473249    BID    BTC/USDT,9580.000000,0.010005    
2020/06/01 11:59:55.473249    BID    DOGE/BTC,0.000001,1.014082    
2020/06/01 11:59:55.473249    ASK    DOGE/USDT,0.002425,1.014082    
2020/06/01 11:59:55.473249    BID    ETH/BTC,0.025161,0.010243    
2020/06/01 11:59:55.473249    ASK    ETH/USDT,233.842000,0.010243    
2020/06/01 12:00:00.478088    ASK    BTC/USDT,9493.813502,0.010015    
2020/06/01 12:00:00.478088    BID    DOGE/BTC,0.000001,1.014082    
2020/06/01 12:00:00.478088    ASK    DOGE/USDT,0.002425,1.014082    
2020/06/01 12:00:00.478088    ASK    ETH/BTC,0.024572,0.010243    
2020/06/01 12:00:00.478088    ASK    ETH/USDT,233.842000,0.010243    
2020/06/01 12:00:05.482982    ASK    BTC/USDT,9495.000000,0.010005    
2020/06/01 12:00:05.482982    BID    DOGE/BTC,0.000001,1.013068    
2020/06/01 12:00:05.482982    ASK    DOGE/USDT,0.002425,1.013068    
2020/06/01 12:00:05.482982    ASK    ETH/BTC,0.024564,0.010222    
2020/06/01 12:00:05.482982    ASK    ETH/USDT,233.938577,0.010222    
2020/06/01 12:00:10.488096    ASK    BTC/USDT,9497.000000,0.009996    
2020/06/01 12:00:10.488096    BID    DOGE/BTC,0.000001,1.013068    
2020/06/01 12:00:10.488096    ASK    DOGE/USDT,0.002425,1.013068    
2020/06/01 12:00:10.488096    ASK    ETH/BTC,0.024572,0.010202    
2020/06/01 12:00:10.488096    ASK    ETH/USDT,233.800000,0.010202    
2020/06/01 12:00:15.492494    ASK    BTC/USDT,9501.000000,0.009986    
2020/06/01 12:00:15.492494    BID    DOGE/BTC,0.000001,1.012055    
2020/06/01 12:00:15.492494    ASK    DOGE/USDT,0.002425,1.012055    
2020/06/01 12:00:15.492494    ASK    ETH/BTC,0.024572,0.010181    
2020/06/01 12:00:15.492494    ASK    ETH/USDT,233.948542,0.010181    
2020/06/01 12:00:20.498077    ASK    BTC/USDT,9498.534780,0.009976    
2020/06/01 12:00:20.498077    BID    DOGE/BTC,0.000001,1.012055    
2020/06/01 12:00:20.498077    ASK    DOGE/USDT,0.002425,1.012055    
2020/06/01 12:00:20.498077    ASK    ETH/BTC,0.024590,0.010161    
2020/06/01 12:00:20.498077    ASK    ETH/USDT,233.800000,0.010161    
2020/06/01 12:00:25.503630    ASK    BTC/USDT,9498.534780,0.009966    
2020/06/01 12:00:25.503630    BID    DOGE/BTC,0.000001,1.012055    
2020/06/01 12:00:25.503630    ASK    DOGE/USDT,0.002425,1.012055    
2020/06/01 12:00:25.503630    ASK    ETH/BTC,0.024590,0.010141    
2020/06/01 12:00:25.503630    ASK    ETH/USDT,233.500000,0.010141    
2020/06/01 12:00:30.508316    ASK    BTC/USDT,9495.000000,0.009957    
2020/06/01 12:00:30.508316    BID    DOGE/BTC,0.000001,1.011043    
2020/06/01 12:00:30.508316    ASK    DOGE/USDT,0.002425,1.011043    
2020/06/01 12:00:30.508316    ASK    ETH/BTC,0.024564,0.010120    
2020/06/01 12:00:30.508316    ASK    ETH/USDT,232.283727,0.010120    
2020/06/01 12:00:35.513940    BID    BTC/USDT,9580.000000,0.009947    
2020/06/01 12:00:35.513940    BID    DOGE/BTC,0.000001,1.011043    
2020/06/01 12:00:35.513940    ASK    DOGE/USDT,0.002425,1.011043    
2020/06/01 12:00:35.513940    ASK    ETH/BTC,0.024564,0.010100    
2020/06/01 12:00:35.513940    ASK    ETH/USDT,233.938577,0.010100    
2020/06/01 12:00:40.520244    BID    BTC/USDT,9580.000000,0.009957    
2020/06/01 12:00:40.520244    BID    DOGE/BTC,0.000001,1.011043    
2020/06/01 12:00:40.520244    ASK    DOGE/USDT,0.002425,1.011043    
2020/06/01 12:00:40.520244    ASK    ETH/BTC,0.024570,0.010080    
2020/06/01 12:00:40.520244    ASK    ETH/USDT,234.100000,0.010080    
2020/06/01 12:00:45.526049    BID    BTC/USDT,9580.000000,0.009967    
2020/06/01 12:00:45.526049    BID    DOGE/BTC,0.000001,1.011043    
2020/06/01 12:00:45.526049    BID    DOGE/USDT,0.002760,1.011043    
2020/06/01 12:00:45.526049    ASK    ETH/BTC,0.024590,0.010060    
2020/06/01 12:00:45.526049    ASK    ETH/USDT,234.100000,0.010060    
2020/06/01 12:00:50.532844    ASK    BTC/USDT,9501.000000,0.009978    
2020/06/01 12:00:50.532844    BID    DOGE/BTC,0.000001,1.013065    
2020/06/01 12:00:50.532844    BID    DOGE/USDT,0.002760,1.013065    
2020/06/01 12:00:50.532844    ASK    ETH/BTC,0.024598,0.010040    
2020/06/01 12:00:50.532844    ASK    ETH/USDT,234.100000,0.010040    
2020/06/01 12:00:55.539164    BID    BTC/USDT,9580.000000,0.009968    
2020/06/01 12:00:55.539164    BID    DOGE/BTC,0.000001,1.015091    
2020/06/01 12:00:55.539164    ASK    DOGE/USDT,0.002425,1.015091    
2020/06/01 12:00:55.539164    ASK    ETH/BTC,0.024600,0.010020    
2020/06/01 12:00:55.539164    ASK    ETH/USDT,234.152696,0.010020    
2020/06/01 12:01:00.544794    ASK    BTC/USDT,9500.470726,0.009978    
2020/06/01 12:01:00.544794    BID    DOGE/BTC,0.000001,1.015091    
2020/06/01 12:01:00.544794    ASK    DOGE/USDT,0.002425,1.015091    
2020/06/01 12:01:00.544794    ASK    ETH/BTC,0.024572,0.010000    
2020/06/01 12:01:00.544794    ASK    ETH/USDT,233.948542,0.010000    
2020/06/01 12:01:05.550847    ASK    BTC/USDT,9502.872481,0.009968    
2020/06/01 12:01:05.550847    BID    DOGE/BTC,0.000001,1.015091    
2020/06/01 12:01:05.550847    ASK    DOGE/USDT,0.002425,1.015091    
2020/06/01 12:01:05.550847    ASK    ETH/BTC,0.024600,0.009980    
2020/06/01 12:01:05.550847    ASK    ETH/USDT,233.918781,0.009980    
2020/06/01 12:01:10.557302    ASK    BTC/USDT,9502.872481,0.009959    
2020/06/01 12:01:10.557302    BID    DOGE/BTC,0.000001,1.014076    
2020/06/01 12:01:10.557302    ASK    DOGE/USDT,0.002425,1.014076    
2020/06/01 12:01:10.557302    ASK    ETH/BTC,0.024570,0.009960    
2020/06/01 12:01:10.557302    ASK    ETH/USDT,234.100000,0.009960    
2020/06/01 12:01:15.563787    ASK    BTC/USDT,9504.809618,0.009949    
2020/06/01 12:01:15.563787    BID    DOGE/BTC,0.000001,1.014076    
2020/06/01 12:01:15.563787    ASK    DOGE/USDT,0.002425,1.014076    
2020/06/01 12:01:15.563787    ASK    ETH/BTC,0.024598,0.009940    
2020/06/01 12:01:15.563787    ASK    ETH/USDT,234.100000,0.009940    
2020/06/01 12:01:20.568491    ASK    BTC/USDT,9501.000000,0.009939    
2020/06/01 12:01:20.568491    BID    DOGE/BTC,0.000001,1.014076    
2020/06/01 12:01:20.568491    BID    DOGE/USDT,0.002760,1.014076    
2020/06/01 12:01:20.568491    ASK    ETH/BTC,0.024600,0.009920    
2020/06/01 12:01:20.568491    ASK    ETH/USDT,234.000000,0.009920    
2020/06/01 12:01:25.573315    ASK    BTC/USDT,9500.470726,0.009929    
2020/06/01 12:01:25.573315    BID    DOGE/BTC,0.000001,1.016104    
2020/06/01 12:01:25.573315    ASK    DOGE/USDT,0.002425,1.016104    
2020/06/01 12:01:25.573315    ASK    ETH/BTC,0.024616,0.009900    
2020/06/01 12:01:25.573315    ASK    ETH/USDT,233.842000,0.009900    
2020/06/01 12:01:30.578280    ASK    BTC/USDT,9501.000000,0.009920    
2020/06/01 12:01:30.578280    BID    DOGE/BTC,0.000001,1.016104    
2020/06/01 12:01:30.578280    ASK    DOGE/USDT,0.002425,1.016104    
2020/06/01 12:01:30.578280    ASK    ETH/BTC,0.024598,0.009880    
2020/06/01 12:01:30.578280    ASK    ETH/USDT,234.100000,0.009880    
2020/06/01 12:01:35.584357    BID    BTC/USDT,9580.000000,0.009910    
2020/06/01 12:01:35.584357    BID    DOGE/BTC,0.000001,1.016104    
2020/06/01 12:01:35.584357    ASK    DOGE/USDT,0.002425,1.016104    
2020/06/01 12:01:35.584357    ASK    ETH/BTC,0.024590,0.009860    
2020/06/01 12:01:35.584357    ASK    ETH/USDT,233.800000,0.009860    
2020/06/01 12:01:40.589961    ASK    BTC/USDT,9501.000000,0.009920    
2020/06/01 12:01:40.589961    BID    DOGE/BTC,0.000001,1.016104    
2020/06/01 12:01:40.589961    ASK    DOGE/USDT,0.002425,1.016104    
2020/06/01 12:01:40.589961    ASK    ETH/BTC,0.024590,0.009841    
2020/06/01 12:01:40.589961    ASK    ETH/USDT,234.100000,0.009841    
2020/06/01 12:01:45.595790    ASK    BTC/USDT,9500.000000,0.009911    
2020/06/01 12:01:45.595790    BID    DOGE/BTC,0.000001,1.016104    
2020/06/01 12:01:45.595790    ASK    DOGE/USDT,0.002425,1.016104    
2020/06/01 12:01:45.595790    BID    ETH/BTC,0.025181,0.009821    
2020/06/01 12:01:45.595790    BID    ETH/USDT,240.590188,0.009821    
2020/06/01 12:01:50.602273    BID    BTC/USDT,9580.000000,0.009900    
2020/06/01 12:01:50.602273    BID    DOGE/BTC,0.000001,1.016104    
2020/06/01 12:01:50.602273    ASK    DOGE/USDT,0.002425,1.016104    
2020/06/01 12:01:50.602273    BID    ETH/BTC,0.025200,0.009841    
2020/06/01 12:01:50.602273    BID    ETH/USDT,240.660232,0.009841    
2020/06/01 12:01:55.608338    BID    BTC/USDT,9575.922213,0.009910    
2020/06/01 12:01:55.608338    BID    DOGE/BTC,0.000001,1.016104    
2020/06/01 12:01:55.608338    ASK    DOGE/USDT,0.002425,1.016104    
2020/06/01 12:01:55.608338    ASK    ETH/BTC,0.024590,0.009860    
2020/06/01 12:01:55.608338    BID    ETH/USDT,240.660232,0.009860    
2020/06/01 12:02:00.614573    BID    BTC/USDT,9572.312544,0.009920    
2020/06/01 12:02:00.614573    BID    DOGE/BTC,0.000001,1.015088    
2020/06/01 12:02:00.614573    ASK    DOGE/USDT,0.002425,1.015088    
2020/06/01 12:02:00.614573    BID    ETH/BTC,0.025200,0.009860    
2020/06/01 12:02:00.614573    BID    ETH/USDT,240.299530,0.009860    
2020/06/01 12:02:05.619734    ASK    BTC/USDT,9501.000000,0.009930    
2020/06/01 12:02:05.619734    BID    DOGE/BTC,0.000001,1.015088    
2020/06/01 12:02:05.619734    ASK    DOGE/USDT,0.002425,1.015088    
2020/06/01 12:02:05.619734    BID    ETH/BTC,0.025161,0.009880    
2020/06/01 12:02:05.619734    BID    ETH/USDT,239.802762,0.009880    
2020/06/01 12:02:10.625705    BID    BTC/USDT,9572.312544,0.009920    
2020/06/01 12:02:10.625705    BID    DOGE/BTC,0.000001,1.015088    
2020/06/01 12:02:10.625705    ASK    DOGE/USDT,0.002425,1.015088    
2020/06/01 12:02:10.625705    BID    ETH/BTC,0.025181,0.009900    
2020/06/01 12:02:10.625705    ASK    ETH/USDT,234.000000,0.009900    
2020/06/01 12:02:15.632215    ASK    BTC/USDT,9500.470726,0.009929    
2020/06/01 12:02:15.632215    BID    DOGE/BTC,0.000001,1.015088    
2020/06/01 12:02:15.632215    ASK    DOGE/USDT,0.002425,1.015088    
2020/06/01 12:02:15.632215    BID    ETH/BTC,0.025200,0.009900    
2020/06/01 12:02:15.632215    BID    ETH/USDT,240.000000,0.009900    
2020/06/01 12:02:20.636240    ASK    BTC/USDT,9500.000000,0.009919    
2020/06/01 12:02:20.636240    BID    DOGE/BTC,0.000001,1.015088    
2020/06/01 12:02:20.636240    ASK    DOGE/USDT,0.002425,1.015088    
2020/06/01 12:02:20.636240    BID    ETH/BTC,0.025200,0.009920    
2020/06/01 12:02:20.636240    BID    ETH/USDT,240.519760,0.009920    
2020/06/01 12:02:25.641677    ASK    BTC/USDT,9500.470726,0.009909    
2020/06/01 12:02:25.641677    BID    DOGE/BTC,0.000001,1.015088    
2020/06/01 12:02:25.641677    ASK    DOGE/USDT,0.002425,1.015088    
2020/06/01 12:02:25.641677    BID    ETH/BTC,0.025181,0.009939    
2020/06/01 12:02:25.641677    BID    ETH/USDT,240.519760,0.009939    
2020/06/01 12:02:30.646682    BID    BTC/USDT,9575.922213,0.009899    
2020/06/01 12:02:30.646682    BID    DOGE/BTC,0.000001,1.014073    
2020/06/01 12:02:30.646682    ASK    DOGE/USDT,0.002425,1.014073    
2020/06/01 12:02:30.646682    BID    ETH/BTC,0.025180,0.009959    
2020/06/01 12:02:30.646682    BID    ETH/USDT,240.299530,0.009959    
2020/06/01 12:02:35.651543    BID    BTC/USDT,9575.922213,0.009909    
2020/06/01 12:02:35.651543    BID    DOGE/BTC,0.000001,1.014073    
2020/06/01 12:02:35.651543    ASK    DOGE/USDT,0.002425,1.014073    
2020/06/01 12:02:35.651543    BID    ETH/BTC,0.025179,0.009969    
2020/06/01 12:02:35.651543    BID    ETH/USDT,240.299530,0.009969    
2020/06/01 12:02:40.655183    BID    BTC/USDT,9575.922213,0.009919    
2020/06/01 12:02:40.655183    BID    DOGE/BTC,0.000001,1.014073    
2020/06/01 12:02:40.655183    ASK    DOGE/USDT,0.002425,1.014073    
2020/06/01 12:02:40.655183    BID    ETH/BTC,0.025180,0.009979    
2020/06/01 12:02:40.655183    BID    ETH/USDT,240.519760,0.009979    
2020/06/01 12:02:45.658872    BID    BTC/USDT,9573.000000,0.009928    
2020/06/01 12:02:45.658872    BID    DOGE/BTC,0.000001,1.014073    
2020/06/01 12:02:45.658872    ASK    DOGE/USDT,0.002425,1.014073    
2020/06/01 12:02:45.658872    BID    ETH/BTC,0.025179,0.009999    
2020/06/01 12:02:45.658872    BID    ETH/USDT,240.000000,0.009999    
2020/06/01 12:02:50.663205    BID    BTC/USDT,9573.000000,0.009938    
2020/06/01 12:02:50.663205    BID    DOGE/BTC,0.000001,1.014073    
2020/06/01 12:02:50.663205    ASK    DOGE/USDT,0.002425,1.014073    
2020/06/01 12:02:50.663205    BID    ETH/BTC,0.025179,0.010019    
2020/06/01 12:02:50.663205    BID    ETH/USDT,240.000000,0.010019    
2020/06/01 12:02:55.667868    BID    BTC/USDT,9580.000000,0.009948    
2020/06/01 12:02:55.667868    BID    DOGE/BTC,0.000001,1.014073    
2020/06/01 12:02:55.667868    ASK    DOGE/USDT,0.002425,1.014073    
2020/06/01 12:02:55.667868    BID    ETH/BTC,0.025197,0.010029    
2020/06/01 12:02:55.667868    BID    ETH/USDT,240.519760,0.010029    
2020/06/01 12:03:00.673280    BID    BTC/USDT,9576.528346,0.009957    
2020/06/01 12:03:00.673280    BID    DOGE/BTC,0.000001,1.014073    
2020/06/01 12:03:00.673280    ASK    DOGE/USDT,0.002425,1.014073    
2020/06/01 12:03:00.673280    BID    ETH/BTC,0.025180,0.010049    
2020/06/01 12:03:00.673280    ASK    ETH/USDT,233.842000,0.010049    
2020/06/01 12:03:05.678342    BID    BTC/USDT,9576.528346,0.009967    
2020/06/01 12:03:05.678342    BID    DOGE/BTC,0.000001,1.014073    
2020/06/01 12:03:05.678342    ASK    DOGE/USDT,0.002425,1.014073    
2020/06/01 12:03:05.678342    BID    ETH/BTC,0.025180,0.010049    
2020/06/01 12:03:05.678342    BID    ETH/USDT,240.000000,0.010049    
2020/06/01 12:03:10.683412    BID    BTC/USDT,9575.922213,0.009977    
2020/06/01 12:03:10.683412    BID    DOGE/BTC,0.000001,1.014073    
2020/06/01 12:03:10.683412    ASK    DOGE/USDT,0.002425,1.014073    
2020/06/01 12:03:10.683412    BID    ETH/BTC,0.025180,0.010059    
2020/06/01 12:03:10.683412    BID    ETH/USDT,239.854800,0.010059    
2020/06/01 12:03:15.689811    BID    BTC/USDT,9575.922213,0.009987    
2020/06/01 12:03:15.689811    BID    DOGE/BTC,0.000001,1.014073    
2020/06/01 12:03:15.689811    ASK    DOGE/USDT,0.002425,1.014073    
2020/06/01 12:03:15.689811    BID    ETH/BTC,0.025179,0.010079    
2020/06/01 12:03:15.689811    BID    ETH/USDT,240.000000,0.010079    
2020/06/01 12:03:20.694016    BID    BTC/USDT,9575.922213,0.009996    
2020/06/01 12:03:20.694016    BID    DOGE/BTC,0.000001,1.014073    
2020/06/01 12:03:20.694016    ASK    DOGE/USDT,0.002425,1.014073    
2020/06/01 12:03:20.694016    BID    ETH/BTC,0.025179,0.010100    
2020/06/01 12:03:20.694016    BID    ETH/USDT,240.299530,0.010100    
2020/06/01 12:03:25.699012    BID    BTC/USDT,9575.922213,0.010006    
2020/06/01 12:03:25.699012    BID    DOGE/BTC,0.000001,1.014073    
2020/06/01 12:03:25.699012    ASK    DOGE/USDT,0.002425,1.014073    
2020/06/01 12:03:25.699012    BID    ETH/BTC,0.025180,0.010110    
2020/06/01 12:03:25.699012    BID    ETH/USDT,240.299530,0.010110    
2020/06/01 12:03:30.703201    BID    BTC/USDT,9576.528346,0.010006    
2020/06/01 12:03:30.703201    BID    DOGE/BTC,0.000001,1.014073    
2020/06/01 12:03:30.703201    BID    DOGE/USDT,0.002758,1.014073    
2020/06/01 12:03:30.703201    BID    ETH/BTC,0.025180,0.010130    
2020/06/01 12:03:30.703201    BID    ETH/USDT,240.519760,0.010130    
2020/06/01 12:03:35.707678    BID    BTC/USDT,9578.318853,0.010006    
2020/06/01 12:03:35.707678    BID    DOGE/BTC,0.000001,1.016101    
2020/06/01 12:03:35.707678    BID    DOGE/USDT,0.002760,1.016101    
2020/06/01 12:03:35.707678    ASK    ETH/BTC,0.024616,0.010150    
2020/06/01 12:03:35.707678    BID    ETH/USDT,240.299530,0.010150    
2020/06/01 12:03:40.712873    BID    BTC/USDT,9580.800000,0.010016    
2020/06/01 12:03:40.712873    BID    DOGE/BTC,0.000001,1.018133    
2020/06/01 12:03:40.712873    BID    DOGE/USDT,0.002760,1.018133    
2020/06/01 12:03:40.712873    BID    ETH/BTC,0.025197,0.010150    
2020/06/01 12:03:40.712873    BID    ETH/USDT,240.953117,0.010150    
2020/06/01 12:03:45.717356    BID    BTC/USDT,9580.605610,0.010026    
2020/06/01 12:03:45.717356    BID    DOGE/BTC,0.000001,1.020170    
2020/06/01 12:03:45.717356    BID    DOGE/USDT,0.002760,1.020170    
2020/06/01 12:03:45.717356    BID    ETH/BTC,0.025180,0.010170    
2020/06/01 12:03:45.717356    BID    ETH/USDT,239.802762,0.010170    
2020/06/01 12:03:50.723662    BID    BTC/USDT,9580.000000,0.010025    
2020/06/01 12:03:50.723662    BID    DOGE/BTC,0.000001,1.022210    
2020/06/01 12:03:50.723662    BID    DOGE/USDT,0.002760,1.022210    
2020/06/01 12:03:50.723662    BID    ETH/BTC,0.025181,0.010181    
2020/06/01 12:03:50.723662    BID    ETH/USDT,240.519760,0.010181    
2020/06/01 12:03:55.728727    BID    BTC/USDT,9580.000000,0.010035    
2020/06/01 12:03:55.728727    BID    DOGE/BTC,0.000001,1.023232    
2020/06/01 12:03:55.728727    BID    DOGE/USDT,0.002760,1.023232    
2020/06/01 12:03:55.728727    BID    ETH/BTC,0.025181,0.010201    
2020/06/01 12:03:55.728727    BID    ETH/USDT,240.299530,0.010201    
2020/06/01 12:04:00.735068    BID    BTC/USDT,9580.000000,0.010045    
2020/06/01 12:04:00.735068    BID    DOGE/BTC,0.000001,1.025279    
2020/06/01 12:04:00.735068    BID    DOGE/USDT,0.002760,1.025279    
2020/06/01 12:04:00.735068    ASK    ETH/BTC,0.024564,0.010221    
2020/06/01 12:04:00.735068    BID    ETH/USDT,240.810542,0.010221    
2020/06/01 12:04:05.739473    BID    BTC/USDT,9580.000000,0.010055    
2020/06/01 12:04:05.739473    BID    DOGE/BTC,0.000001,1.025279    
2020/06/01 12:04:05.739473    BID    DOGE/USDT,0.002758,1.025279    
2020/06/01 12:04:05.739473    BID    ETH/BTC,0.025180,0.010221    
2020/06/01 12:04:05.739473    BID    ETH/USDT,240.953117,0.010221    
2020/06/01 12:04:10.744655    BID    BTC/USDT,9580.000000,0.010065    
2020/06/01 12:04:10.744655    BID    DOGE/BTC,0.000001,1.026304    
2020/06/01 12:04:10.744655    BID    DOGE/USDT,0.002760,1.026304    
2020/06/01 12:04:10.744655    BID    ETH/BTC,0.025197,0.010242    
2020/06/01 12:04:10.744655    BID    ETH/USDT,240.810542,0.010242    
2020/06/01 12:04:15.750380    BID    BTC/USDT,9581.610800,0.010075    
2020/06/01 12:04:15.750380    BID    DOGE/BTC,0.000001,1.028357    
2020/06/01 12:04:15.750380    BID    DOGE/USDT,0.002760,1.028357    
2020/06/01 12:04:15.750380    BID    ETH/BTC,0.025181,0.010262    
2020/06/01 12:04:15.750380    BID    ETH/USDT,240.953117,0.010262    
2020/06/01 12:04:20.755320    ASK    BTC/USDT,9499.112149,0.010085    
2020/06/01 12:04:20.755320    BID    DOGE/BTC,0.000001,1.030413    
2020/06/01 12:04:20.755320    BID    DOGE/USDT,0.002760,1.030413    
2020/06/01 12:04:20.755320    BID    ETH/BTC,0.025181,0.010283    
2020/06/01 12:04:20.755320    BID    ETH/USDT,240.953117,0.010283    
2020/06/01 12:04:25.760273    ASK    BTC/USDT,9500.470726,0.010074    
2020/06/01 12:04:25.760273    BID    DOGE/BTC,0.000001,1.032474    
2020/06/01 12:04:25.760273    BID    DOGE/USDT,0.002760,1.032474    
2020/06/01 12:04:25.760273    BID    ETH/BTC,0.025204,0.010303    
2020/06/01 12:04:25.760273    ASK    ETH/USDT,233.500000,0.010303    
2020/06/01 12:04:30.764720    ASK    BTC/USDT,9500.000000,0.010064    
2020/06/01 12:04:30.764720    BID    DOGE/BTC,0.000001,1.034539    
2020/06/01 12:04:30.764720    BID    DOGE/USDT,0.002760,1.034539    
2020/06/01 12:04:30.764720    ASK    ETH/BTC,0.024590,0.010303    
2020/06/01 12:04:30.764720    ASK    ETH/USDT,233.948542,0.010303    
2020/06/01 12:04:35.770649    ASK    BTC/USDT,9500.470726,0.010054    
2020/06/01 12:04:35.770649    BID    DOGE/BTC,0.000001,1.035574    
2020/06/01 12:04:35.770649    BID    DOGE/USDT,0.002760,1.035574    
2020/06/01 12:04:35.770649    ASK    ETH/BTC,0.024616,0.010283    
2020/06/01 12:04:35.770649    ASK    ETH/USDT,233.948542,0.010283    
2020/06/01 12:04:40.775593    ASK    BTC/USDT,9500.000000,0.010044    
2020/06/01 12:04:40.775593    BID    DOGE/BTC,0.000001,1.037645    
2020/06/01 12:04:40.775593    BID    DOGE/USDT,0.002760,1.037645    
2020/06/01 12:04:40.775593    ASK    ETH/BTC,0.024598,0.010262    
2020/06/01 12:04:40.775593    BID    ETH/USDT,240.000000,0.010262    
2020/06/01 12:04:45.780505    ASK    BTC/USDT,9499.112149,0.010035    
2020/06/01 12:04:45.780505    BID    DOGE/BTC,0.000001,1.038682    
2020/06/01 12:04:45.780505    BID    DOGE/USDT,0.002760,1.038682    
2020/06/01 12:04:45.780505    ASK    ETH/BTC,0.024572,0.010262    
2020/06/01 12:04:45.780505    BID    ETH/USDT,240.239806,0.010262    
2020/06/01 12:04:50.785627    BID    BTC/USDT,9581.610800,0.010025    
2020/06/01 12:04:50.785627    BID    DOGE/BTC,0.000001,1.040760    
2020/06/01 12:04:50.785627    BID    DOGE/USDT,0.002758,1.040760    
2020/06/01 12:04:50.785627    ASK    ETH/BTC,0.024606,0.010262    
2020/06/01 12:04:50.785627    BID    ETH/USDT,240.239806,0.010262    
2020/06/01 12:04:55.789575    ASK    BTC/USDT,9502.872481,0.010035    
2020/06/01 12:04:55.789575    BID    DOGE/BTC,0.000001,1.042841    
2020/06/01 12:04:55.789575    BID    DOGE/USDT,0.002758,1.042841    
2020/06/01 12:04:55.789575    ASK    ETH/BTC,0.024600,0.010262    
2020/06/01 12:04:55.789575    BID    ETH/USDT,240.239806,0.010262    
2020/06/01 12:05:00.794367    ASK    BTC/USDT,9500.000000,0.010025    
2020/06/01 12:05:00.794367    BID    DOGE/BTC,0.000001,1.044927    
2020/06/01 12:05:00.794367    BID    DOGE/USDT,0.002758,1.044927    
2020/06/01 12:05:00.794367    ASK    ETH/BTC,0.024570,0.010262    
2020/06/01 12:05:00.794367    BID    ETH/USDT,240.239806,0.010262    
2020/06/01 12:05:05.799635    ASK    BTC/USDT,9501.000000,0.010016    
2020/06/01 12:05:05.799635    BID    DOGE/BTC,0.000001,1.047017    
2020/06/01 12:05:05.799635    BID    DOGE/USDT,0.002758,1.047017    
2020/06/01 12:05:05.799635    ASK    ETH/BTC,0.024598,0.010262    
2020/06/01 12:05:05.799635    BID    ETH/USDT,240.239806,0.010262    
2020/06/01 12:05:10.804551    BID    BTC/USDT,9581.610800,0.010006    
2020/06/01 12:05:10.804551    BID    DOGE/BTC,0.000001,1.049111    
2020/06/01 12:05:10.804551    BID    DOGE/USDT,0.002758,1.049111    
2020/06/01 12:05:10.804551    ASK    ETH/BTC,0.024600,0.010262    
2020/06/01 12:05:10.804551    BID    ETH/USDT,240.239806,0.010262    
2020/06/01 12:05:15.809457    BID    BTC/USDT,9580.000000,0.010016    
2020/06/01 12:05:15.809457    BID    DOGE/BTC,0.000001,1.051209    
2020/06/01 12:05:15.809457    BID    DOGE/USDT,0.002760,1.051209    
2020/06/01 12:05:15.809457    ASK    ETH/BTC,0.024600,0.010262    
2020/06/01 12:05:15.809457    BID    ETH/USDT,240.239806,0.010262    
2020/06/01 12:05:20.814895    BID    BTC/USDT,9580.000000,0.010026    
2020/06/01 12:05:20.814895    BID    DOGE/BTC,0.000001,1.053312    
2020/06/01 12:05:20.814895    BID    DOGE/USDT,0.002758,1.053312    
2020/06/01 12:05:20.814895    ASK    ETH/BTC,0.024600,0.010262    
2020/06/01 12:05:20.814895    ASK    ETH/USDT,233.842000,0.010262    
2020/06/01 12:05:25.819144    BID    BTC/USDT,9580.605610,0.010037    
2020/06/01 12:05:25.819144    BID    DOGE/BTC,0.000001,1.054365    
2020/06/01 12:05:25.819144    BID    DOGE/USDT,0.002758,1.054365    
2020/06/01 12:05:25.819144    ASK    ETH/BTC,0.024600,0.010242    
2020/06/01 12:05:25.819144    BID    ETH/USDT,240.299530,0.010242    
2020/06/01 12:05:30.823940    BID    BTC/USDT,9580.000000,0.010047    
2020/06/01 12:05:30.823940    BID    DOGE/BTC,0.000001,1.056474    
2020/06/01 12:05:30.823940    BID    DOGE/USDT,0.002758,1.056474    
2020/06/01 12:05:30.823940    ASK    ETH/BTC,0.024598,0.010242    
2020/06/01 12:05:30.823940    BID    ETH/USDT,240.299530,0.010242    
2020/06/01 12:05:35.827906    BID    BTC/USDT,9580.000000,0.010057    
2020/06/01 12:05:35.827906    BID    DOGE/BTC,0.000001,1.058587    
2020/06/01 12:05:35.827906    BID    DOGE/USDT,0.002758,1.058587    
2020/06/01 12:05:35.827906    ASK    ETH/BTC,0.024600,0.010242    
2020/06/01 12:05:35.827906    ASK    ETH/USDT,233.842000,0.010242    
2020/06/01 12:05:40.832713    BID    BTC/USDT,9573.000000,0.010067    
2020/06/01 12:05:40.832713    BID    DOGE/BTC,0.000001,1.060704    
2020/06/01 12:05:40.832713    BID    DOGE/USDT,0.002758,1.060704    
2020/06/01 12:05:40.832713    ASK    ETH/BTC,0.024600,0.010221    
2020/06/01 12:05:40.832713    ASK    ETH/USDT,233.918781,0.010221    
2020/06/01 12:05:45.836719    BID    BTC/USDT,9573.000000,0.010078    
2020/06/01 12:05:45.836719    BID    DOGE/BTC,0.000001,1.062825    
2020/06/01 12:05:45.836719    BID    DOGE/USDT,0.002758,1.062825    
2020/06/01 12:05:45.836719    ASK    ETH/BTC,0.024600,0.010201    
2020/06/01 12:05:45.836719    ASK    ETH/USDT,233.918781,0.010201    
2020/06/01 12:05:50.841268    BID    BTC/USDT,9575.000000,0.010088    
2020/06/01 12:05:50.841268    BID    DOGE/BTC,0.000001,1.064951    
2020/06/01 12:05:50.841268    BID    DOGE/USDT,0.002758,1.064951    
2020/06/01 12:05:50.841268    ASK    ETH/BTC,0.024598,0.010180    
2020/06/01 12:05:50.841268    ASK    ETH/USDT,233.918781,0.010180    
2020/06/01 12:05:55.846062    BID    BTC/USDT,9580.000000,0.010098    
2020/06/01 12:05:55.846062    BID    DOGE/BTC,0.000001,1.066016    
2020/06/01 12:05:55.846062    BID    DOGE/USDT,0.002758,1.066016    
2020/06/01 12:05:55.846062    ASK    ETH/BTC,0.024598,0.010160    
2020/06/01 12:05:55.846062    ASK    ETH/USDT,233.918781,0.010160    
2020/06/01 12:06:00.849981    BID    BTC/USDT,9580.000000,0.010099    
2020/06/01 12:06:00.849981    BID    DOGE/BTC,0.000001,1.068148    
2020/06/01 12:06:00.849981    BID    DOGE/USDT,0.002758,1.068148    
2020/06/01 12:06:00.849981    ASK    ETH/BTC,0.024598,0.010140    
2020/06/01 12:06:00.849981    ASK    ETH/USDT,233.918781,0.010140    
2020/06/01 12:06:05.853928    BID    BTC/USDT,9590.909091,0.010099    
2020/06/01 12:06:05.853928    BID    DOGE/BTC,0.000001,1.070284    
2020/06/01 12:06:05.853928    BID    DOGE/USDT,0.002758,1.070284    
2020/06/01 12:06:05.853928    ASK    ETH/BTC,0.024600,0.010119    
2020/06/01 12:06:05.853928    BID    ETH/USDT,240.953117,0.010119    
2020/06/01 12:06:11.391702    BID    BTC/USDT,9586.092437,0.010099    
2020/06/01 12:06:11.391702    BID    DOGE/BTC,0.000001,1.072425    
2020/06/01 12:06:11.391702    BID    DOGE/USDT,0.002758,1.072425    
2020/06/01 12:06:11.391702    ASK    ETH/BTC,0.024564,0.010119    
2020/06/01 12:06:11.391702    BID    ETH/USDT,240.810542,0.010119    
2020/06/01 12:06:16.397895    BID    BTC/USDT,9585.000000,0.010099    
2020/06/01 12:06:16.397895    BID    DOGE/BTC,0.000001,1.074569    
2020/06/01 12:06:16.397895    BID    DOGE/USDT,0.002758,1.074569    
2020/06/01 12:06:16.397895    BID    ETH/BTC,0.025197,0.010119    
2020/06/01 12:06:16.397895    BID    ETH/USDT,240.000000,0.010119    
2020/06/01 12:06:21.403342    BID    BTC/USDT,9581.610800,0.010099    
2020/06/01 12:06:21.403342    BID    ETH/USDT,240.810542,0.010130    
2020/06/01 12:06:21.403342    BID    DOGE/BTC,0.000001,1.076719    
2020/06/01 12:06:21.403342    BID    DOGE/USDT,0.002758,1.076719    
2020/06/01 12:06:21.403342    BID    ETH/BTC,0.025197,0.010130    
2020/06/01 12:06:26.407163    BID    BTC/USDT,9585.000000,0.010099    
2020/06/01 12:06:26.407163    BID    ETH/USDT,240.000000,0.010140    
2020/06/01 12:06:26.407163    BID    DOGE/BTC,0.000001,1.078872    
2020/06/01 12:06:26.407163    BID    DOGE/USDT,0.002758,1.078872    
2020/06/01 12:06:26.407163    BID    ETH/BTC,0.025181,0.010140    
2020/06/01 12:06:31.410396    BID    BTC/USDT,9585.000000,0.010099    
2020/06/01 12:06:31.410396    BID    ETH/USDT,240.810542,0.010150    
2020/06/01 12:06:31.410396    BID    DOGE/BTC,0.000001,1.081030    
2020/06/01 12:06:31.410396    BID    DOGE/USDT,0.002758,1.081030    
2020/06/01 12:06:31.410396    BID    ETH/BTC,0.025181,0.010150    
2020/06/01 12:06:36.414525    BID    BTC/USDT,9586.092437,0.010099    
2020/06/01 12:06:36.414525    BID    ETH/USDT,240.519760,0.010160    
2020/06/01 12:06:36.414525    BID    DOGE/BTC,0.000001,1.082111    
2020/06/01 12:06:36.414525    BID    DOGE/USDT,0.002758,1.082111    
2020/06/01 12:06:36.414525    BID    ETH/BTC,0.025179,0.010160    
2020/06/01 12:06:41.419255    BID    BTC/USDT,9586.092437,0.010099    
2020/06/01 12:06:41.419255    BID    ETH/USDT,240.519760,0.010160    
2020/06/01 12:06:41.419255    BID    DOGE/BTC,0.000001,1.084275    
2020/06/01 12:06:41.419255    BID    DOGE/USDT,0.002758,1.084275    
2020/06/01 12:06:41.419255    BID    ETH/BTC,0.025158,0.010160    
2020/06/01 12:06:46.425035    BID    BTC/USDT,9585.000000,0.010098    
2020/06/01 12:06:46.425035    BID    ETH/USDT,240.299530,0.010170    
2020/06/01 12:06:46.425035    BID    DOGE/BTC,0.000001,1.086444    
2020/06/01 12:06:46.425035    BID    DOGE/USDT,0.002758,1.086444    
2020/06/01 12:06:46.425035    BID    ETH/BTC,0.025148,0.010170    
2020/06/01 12:06:51.431678    BID    BTC/USDT,9586.839573,0.010098    
2020/06/01 12:06:51.431678    BID    ETH/USDT,240.299530,0.010180    
2020/06/01 12:06:51.431678    BID    DOGE/BTC,0.000001,1.088616    
2020/06/01 12:06:51.431678    BID    DOGE/USDT,0.002760,1.088616    
2020/06/01 12:06:51.431678    ASK    ETH/BTC,0.024600,0.010180    
2020/06/01 12:06:56.437992    BID    BTC/USDT,9580.000000,0.010098    
2020/06/01 12:06:56.437992    BID    ETH/USDT,240.660232,0.010170    
2020/06/01 12:06:56.437992    BID    DOGE/BTC,0.000001,1.090794    
2020/06/01 12:06:56.437992    BID    DOGE/USDT,0.002758,1.090794    
2020/06/01 12:06:56.437992    ASK    ETH/BTC,0.024600,0.010170    
2020/06/01 12:07:01.444609    BID    BTC/USDT,9576.528346,0.010099    
2020/06/01 12:07:01.444609    BID    ETH/USDT,240.299530,0.010160    
2020/06/01 12:07:01.444609    BID    DOGE/BTC,0.000001,1.092975    
2020/06/01 12:07:01.444609    BID    DOGE/USDT,0.002758,1.092975    
2020/06/01 12:07:01.444609    ASK    ETH/BTC,0.024600,0.010160    
2020/06/01 12:07:06.450589    BID    BTC/USDT,9580.000000,0.010099    
2020/06/01 12:07:06.450589    BID    ETH/USDT,240.953117,0.010150    
2020/06/01 12:07:06.450589    BID    DOGE/BTC,0.000001,1.094068    
2020/06/01 12:07:06.450589    BID    DOGE/USDT,0.002758,1.094068    
2020/06/01 12:07:06.450589    ASK    ETH/BTC,0.024600,0.010150    
2020/06/01 12:07:11.456094    BID    BTC/USDT,9580.605610,0.010099    
2020/06/01 12:07:11.456094    BID    ETH/USDT,240.660232,0.010140    
2020/06/01 12:07:11.456094    BID    DOGE/BTC,0.000001,1.096256    
2020/06/01 12:07:11.456094    BID    DOGE/USDT,0.002760,1.096256    
2020/06/01 12:07:11.456094    BID    ETH/BTC,0.025197,0.010140    
2020/06/01 12:07:16.462235    BID    BTC/USDT,9584.120396,0.010099    
2020/06/01 12:07:16.462235    BID    ETH/USDT,240.660232,0.010150    
2020/06/01 12:07:16.462235    BID    DOGE/BTC,0.000001,1.098449    
2020/06/01 12:07:16.462235    BID    DOGE/USDT,0.002760,1.098449    
2020/06/01 12:07:16.462235    BID    ETH/BTC,0.025179,0.010150    
2020/06/01 12:07:21.469108    BID    BTC/USDT,9586.092437,0.010099    
2020/06/01 12:07:21.469108    BID    ETH/USDT,240.000000,0.010160    
2020/06/01 12:07:21.469108    BID    DOGE/BTC,0.000001,1.100646    
2020/06/01 12:07:21.469108    BID    DOGE/USDT,0.002758,1.100646    
2020/06/01 12:07:21.469108    BID    ETH/BTC,0.025200,0.010160    
2020/06/01 12:07:26.475424    BID    BTC/USDT,9585.000000,0.010098    
2020/06/01 12:07:26.475424    BID    ETH/USDT,240.000000,0.010170    
2020/06/01 12:07:26.475424    BID    DOGE/BTC,0.000001,1.102847    
2020/06/01 12:07:26.475424    BID    DOGE/USDT,0.002758,1.102847    
2020/06/01 12:07:26.475424    BID    ETH/BTC,0.025197,0.010170    
2020/06/01 12:07:31.479457    BID    BTC/USDT,9581.610800,0.010098    
2020/06/01 12:07:31.479457    BID    ETH/USDT,240.519760,0.010180    
2020/06/01 12:07:31.479457    BID    DOGE/BTC,0.000001,1.105053    
2020/06/01 12:07:31.479457    BID    DOGE/USDT,0.002758,1.105053    
2020/06/01 12:07:31.479457    BID    ETH/BTC,0.025179,0.010180    
2020/06/01 12:07:36.485374    BID    BTC/USDT,9581.920242,0.010098    
2020/06/01 12:07:36.485374    BID    ETH/USDT,240.000000,0.010190    
2020/06/01 12:07:36.485374    BID    DOGE/BTC,0.000001,1.107263    
2020/06/01 12:07:36.485374    BID    DOGE/USDT,0.002758,1.107263    
2020/06/01 12:07:36.485374    BID    ETH/BTC,0.025179,0.010190    
2020/06/01 12:07:41.491068    BID    BTC/USDT,9581.920242,0.010098    
2020/06/01 12:07:41.491068    BID    ETH/USDT,240.000000,0.010201    
2020/06/01 12:07:41.491068    BID    DOGE/BTC,0.000001,1.109477    
2020/06/01 12:07:41.491068    BID    DOGE/USDT,0.002758,1.109477    
2020/06/01 12:07:41.491068    BID    ETH/BTC,0.025161,0.010201    
2020/06/01 12:07:46.497715    BID    BTC/USDT,9581.920242,0.010097    
2020/06/01 12:07:46.497715    BID    ETH/USDT,240.660232,0.010211    
2020/06/01 12:07:46.497715    BID    DOGE/BTC,0.000001,1.110587    
2020/06/01 12:07:46.497715    BID    DOGE/USDT,0.002758,1.110587    
2020/06/01 12:07:46.497715    BID    ETH/BTC,0.025181,0.010211    
2020/06/01 12:07:51.503243    BID    BTC/USDT,9580.605610,0.010097    
2020/06/01 12:07:51.503243    BID    ETH/USDT,240.299530,0.010221    
2020/06/01 12:07:51.503243    BID    DOGE/BTC,0.000001,1.112808    
2020/06/01 12:07:51.503243    BID    DOGE/USDT,0.002758,1.112808    
2020/06/01 12:07:51.503243    BID    ETH/BTC,0.025179,0.010221    
2020/06/01 12:07:56.509129    BID    BTC/USDT,9581.920242,0.010097    
2020/06/01 12:07:56.509129    BID    ETH/USDT,240.660232,0.010231    
2020/06/01 12:07:56.509129    BID    DOGE/BTC,0.000001,1.115034    
2020/06/01 12:07:56.509129    BID    DOGE/USDT,0.002758,1.115034    
2020/06/01 12:07:56.509129    BID    ETH/BTC,0.025161,0.010231    
2020/06/01 12:08:01.515693    BID    BTC/USDT,9580.605610,0.010097    
2020/06/01 12:08:01.515693    BID    DOGE/BTC,0.000001,1.117264    
2020/06/01 12:08:01.515693    BID    DOGE/USDT,0.002758,1.117264    
2020/06/01 12:08:01.515693    BID    ETH/BTC,0.025179,0.010241    
2020/06/01 12:08:01.515693    ASK    ETH/USDT,233.356788,0.010241    
2020/06/01 12:08:06.521646    ASK    BTC/USDT,9492.781852,0.010096    
2020/06/01 12:08:06.521646    BID    DOGE/BTC,0.000001,1.119498    
2020/06/01 12:08:06.521646    BID    DOGE/USDT,0.002758,1.119498    
2020/06/01 12:08:06.521646    BID    ETH/BTC,0.025181,0.010241    
2020/06/01 12:08:06.521646    BID    ETH/USDT,240.299530,0.010241    
2020/06/01 12:08:11.527812    ASK    BTC/USDT,9498.300000,0.010086    
2020/06/01 12:08:11.527812    BID    DOGE/BTC,0.000001,1.121737    
2020/06/01 12:08:11.527812    BID    DOGE/USDT,0.002758,1.121737    
2020/06/01 12:08:11.527812    BID    ETH/BTC,0.025158,0.010262    
2020/06/01 12:08:11.527812    BID    ETH/USDT,240.660232,0.010262    
2020/06/01 12:08:16.533849    ASK    BTC/USDT,9495.454545,0.010076    
2020/06/01 12:08:16.533849    BID    DOGE/BTC,0.000001,1.123981    
2020/06/01 12:08:16.533849    BID    DOGE/USDT,0.002758,1.123981    
2020/06/01 12:08:16.533849    BID    ETH/BTC,0.025179,0.010272    
2020/06/01 12:08:16.533849    ASK    ETH/USDT,232.811000,0.010272    
2020/06/01 12:08:21.539418    ASK    BTC/USDT,9498.300000,0.010065    
2020/06/01 12:08:21.539418    BID    DOGE/BTC,0.000001,1.126229    
2020/06/01 12:08:21.539418    BID    DOGE/USDT,0.002758,1.126229    
2020/06/01 12:08:21.539418    BID    ETH/BTC,0.025179,0.010272    
2020/06/01 12:08:21.539418    ASK    ETH/USDT,233.800000,0.010272    
2020/06/01 12:08:26.544800    ASK    BTC/USDT,9493.813502,0.010055    
2020/06/01 12:08:26.544800    BID    DOGE/BTC,0.000001,1.128481    
2020/06/01 12:08:26.544800    BID    DOGE/USDT,0.002758,1.128481    
2020/06/01 12:08:26.544800    BID    ETH/BTC,0.025161,0.010272    
2020/06/01 12:08:26.544800    BID    ETH/USDT,239.800000,0.010272    
2020/06/01 12:08:31.550083    ASK    BTC/USDT,9500.000000,0.010045    
2020/06/01 12:08:31.550083    BID    DOGE/BTC,0.000001,1.130738    
2020/06/01 12:08:31.550083    BID    DOGE/USDT,0.002758,1.130738    
2020/06/01 12:08:31.550083    BID    ETH/BTC,0.025161,0.010293    
2020/06/01 12:08:31.550083    BID    ETH/USDT,239.802762,0.010293    
2020/06/01 12:08:36.556463    ASK    BTC/USDT,9500.360270,0.010034    
2020/06/01 12:08:36.556463    BID    DOGE/BTC,0.000001,1.133000    
2020/06/01 12:08:36.556463    BID    DOGE/USDT,0.002758,1.133000    
2020/06/01 12:08:36.556463    BID    ETH/BTC,0.025161,0.010313    
2020/06/01 12:08:36.556463    BID    ETH/USDT,239.800000,0.010313    
2020/06/01 12:08:41.561854    ASK    BTC/USDT,9500.000000,0.010024    
2020/06/01 12:08:41.561854    BID    DOGE/BTC,0.000001,1.134133    
2020/06/01 12:08:41.561854    BID    DOGE/USDT,0.002758,1.134133    
2020/06/01 12:08:41.561854    BID    ETH/BTC,0.025161,0.010334    
2020/06/01 12:08:41.561854    ASK    ETH/USDT,233.356788,0.010334    
2020/06/01 12:08:46.567797    ASK    BTC/USDT,9498.534780,0.010014    
2020/06/01 12:08:46.567797    BID    DOGE/BTC,0.000001,1.135267    
2020/06/01 12:08:46.567797    BID    DOGE/USDT,0.002758,1.135267    
2020/06/01 12:08:46.567797    ASK    ETH/BTC,0.024572,0.010334    
2020/06/01 12:08:46.567797    ASK    ETH/USDT,233.656859,0.010334    
2020/06/01 12:08:51.575615    ASK    BTC/USDT,9500.000000,0.010004    
2020/06/01 12:08:51.575615    BID    DOGE/BTC,0.000001,1.137537    
2020/06/01 12:08:51.575615    BID    DOGE/USDT,0.002758,1.137537    
2020/06/01 12:08:51.575615    ASK    ETH/BTC,0.024590,0.010313    
2020/06/01 12:08:51.575615    ASK    ETH/USDT,233.800000,0.010313    
2020/06/01 12:08:56.579405    ASK    BTC/USDT,9500.360270,0.009994    
2020/06/01 12:08:56.579405    BID    DOGE/BTC,0.000001,1.139812    
2020/06/01 12:08:56.579405    BID    DOGE/USDT,0.002758,1.139812    
2020/06/01 12:08:56.579405    ASK    ETH/BTC,0.024570,0.010293    
2020/06/01 12:08:56.579405    ASK    ETH/USDT,233.842000,0.010293    
2020/06/01 12:09:01.584070    ASK    BTC/USDT,9501.000000,0.009985    
2020/06/01 12:09:01.584070    BID    DOGE/BTC,0.000001,1.142092    
2020/06/01 12:09:01.584070    BID    DOGE/USDT,0.002758,1.142092    
2020/06/01 12:09:01.584070    ASK    ETH/BTC,0.024598,0.010272    
2020/06/01 12:09:01.584070    ASK    ETH/USDT,233.948542,0.010272    
2020/06/01 12:09:06.588512    ASK    BTC/USDT,9501.000000,0.009975    
2020/06/01 12:09:06.588512    BID    DOGE/BTC,0.000001,1.143234    
2020/06/01 12:09:06.588512    ASK    DOGE/USDT,0.002425,1.143234    
2020/06/01 12:09:06.588512    ASK    ETH/BTC,0.024572,0.010252    
2020/06/01 12:09:06.588512    ASK    ETH/USDT,234.100000,0.010252    
2020/06/01 12:09:11.592812    BID    BTC/USDT,9580.000000,0.009965    
2020/06/01 12:09:11.592812    BID    DOGE/BTC,0.000001,1.143234    
2020/06/01 12:09:11.592812    ASK    DOGE/USDT,0.002425,1.143234    
2020/06/01 12:09:11.592812    ASK    ETH/BTC,0.024564,0.010231    
2020/06/01 12:09:11.592812    ASK    ETH/USDT,233.800000,0.010231    
2020/06/01 12:09:16.597391    BID    BTC/USDT,9581.610800,0.009975    
2020/06/01 12:09:16.597391    BID    DOGE/BTC,0.000001,1.142091    
2020/06/01 12:09:16.597391    ASK    DOGE/USDT,0.002425,1.142091    
2020/06/01 12:09:16.597391    ASK    ETH/BTC,0.024572,0.010211    
2020/06/01 12:09:16.597391    ASK    ETH/USDT,233.356788,0.010211    
2020/06/01 12:09:21.602375    BID    BTC/USDT,9581.610800,0.009986    
2020/06/01 12:09:21.602375    BID    DOGE/BTC,0.000001,1.140949    
2020/06/01 12:09:21.602375    BID    DOGE/USDT,0.002758,1.140949    
2020/06/01 12:09:21.602375    BID    ETH/BTC,0.025180,0.010190    
2020/06/01 12:09:21.602375    BID    ETH/USDT,239.800000,0.010190    
2020/06/01 12:09:26.606941    BID    BTC/USDT,9581.610800,0.009995    
2020/06/01 12:09:26.606941    BID    DOGE/BTC,0.000001,1.143231    
2020/06/01 12:09:26.606941    BID    DOGE/USDT,0.002760,1.143231    
2020/06/01 12:09:26.606941    BID    ETH/BTC,0.025179,0.010211    
2020/06/01 12:09:26.606941    BID    ETH/USDT,239.800000,0.010211    
2020/06/01 12:09:31.611038    BID    BTC/USDT,9580.605610,0.010005    
2020/06/01 12:09:31.611038    BID    DOGE/BTC,0.000001,1.145517    
2020/06/01 12:09:31.611038    BID    DOGE/USDT,0.002760,1.145517    
2020/06/01 12:09:31.611038    ASK    ETH/BTC,0.024590,0.010221    
2020/06/01 12:09:31.611038    BID    ETH/USDT,240.519760,0.010221    
2020/06/01 12:09:36.615112    BID    BTC/USDT,9581.610800,0.010015    
2020/06/01 12:09:36.615112    BID    DOGE/BTC,0.000001,1.147808    
2020/06/01 12:09:36.615112    BID    DOGE/USDT,0.002758,1.147808    
2020/06/01 12:09:36.615112    BID    ETH/BTC,0.025161,0.010221    
2020/06/01 12:09:36.615112    BID    ETH/USDT,240.299530,0.010221    
2020/06/01 12:09:41.619138    BID    BTC/USDT,9580.000000,0.010025    
2020/06/01 12:09:41.619138    BID    DOGE/BTC,0.000001,1.147808    
2020/06/01 12:09:41.619138    BID    DOGE/USDT,0.002758,1.147808    
2020/06/01 12:09:41.619138    ASK    ETH/BTC,0.024598,0.010241    
2020/06/01 12:09:41.619138    BID    ETH/USDT,240.519760,0.010241    
2020/06/01 12:09:46.623087    BID    BTC/USDT,9585.000000,0.010035    
2020/06/01 12:09:46.623087    BID    DOGE/BTC,0.000001,1.150104    
2020/06/01 12:09:46.623087    BID    DOGE/USDT,0.002760,1.150104    
2020/06/01 12:09:46.623087    ASK    ETH/BTC,0.024590,0.010241    
2020/06/01 12:09:46.623087    BID    ETH/USDT,239.802762,0.010241    
2020/06/01 12:09:51.629542    BID    BTC/USDT,9580.605610,0.010046    
2020/06/01 12:09:51.629542    BID    DOGE/BTC,0.000001,1.152404    
2020/06/01 12:09:51.629542    BID    DOGE/USDT,0.002758,1.152404    
2020/06/01 12:09:51.629542    ASK    ETH/BTC,0.024598,0.010241    
2020/06/01 12:09:51.629542    BID    ETH/USDT,239.802762,0.010241    
2020/06/01 12:09:56.634134    BID    BTC/USDT,9585.000000,0.010046    
2020/06/01 12:09:56.634134    BID    DOGE/BTC,0.000001,1.154709    
2020/06/01 12:09:56.634134    BID    DOGE/USDT,0.002758,1.154709    
2020/06/01 12:09:56.634134    BID    ETH/BTC,0.025127,0.010241    
2020/06/01 12:09:56.634134    BID    ETH/USDT,240.299530,0.010241    
2020/06/01 12:10:01.639175    BID    BTC/USDT,9586.092437,0.010056    
2020/06/01 12:10:01.639175    BID    DOGE/BTC,0.000001,1.155864    
2020/06/01 12:10:01.639175    BID    DOGE/USDT,0.002758,1.155864    
2020/06/01 12:10:01.639175    BID    ETH/BTC,0.025140,0.010262    
2020/06/01 12:10:01.639175    BID    ETH/USDT,240.519760,0.010262    
2020/06/01 12:10:06.643595    BID    BTC/USDT,9586.092437,0.010065    
2020/06/01 12:10:06.643595    BID    DOGE/BTC,0.000001,1.157019    
2020/06/01 12:10:06.643595    BID    DOGE/USDT,0.002758,1.157019    
2020/06/01 12:10:06.643595    BID    ETH/BTC,0.025148,0.010282    
2020/06/01 12:10:06.643595    BID    ETH/USDT,240.299530,0.010282    
2020/06/01 12:10:11.648068    BID    BTC/USDT,9585.000000,0.010075    
2020/06/01 12:10:11.648068    BID    DOGE/BTC,0.000001,1.158176    
2020/06/01 12:10:11.648068    BID    DOGE/USDT,0.002758,1.158176    
2020/06/01 12:10:11.648068    BID    ETH/BTC,0.025158,0.010303    
2020/06/01 12:10:11.648068    ASK    ETH/USDT,233.500000,0.010303    
2020/06/01 12:10:16.653585    BID    BTC/USDT,9580.605610,0.010085    
2020/06/01 12:10:16.653585    BID    DOGE/BTC,0.000001,1.160493    
2020/06/01 12:10:16.653585    BID    DOGE/USDT,0.002758,1.160493    
2020/06/01 12:10:16.653585    ASK    ETH/BTC,0.024598,0.010303    
2020/06/01 12:10:16.653585    ASK    ETH/USDT,233.500000,0.010303    
2020/06/01 12:10:21.657980    BID    BTC/USDT,9580.000000,0.010085    
2020/06/01 12:10:21.657980    BID    DOGE/BTC,0.000001,1.162814    
2020/06/01 12:10:21.657980    BID    DOGE/USDT,0.002760,1.162814    
2020/06/01 12:10:21.657980    ASK    ETH/BTC,0.024590,0.010282    
2020/06/01 12:10:21.657980    ASK    ETH/USDT,233.842000,0.010282    
2020/06/01 12:10:26.662621    ASK    BTC/USDT,9497.000000,0.010086    
2020/06/01 12:10:26.662621    BID    DOGE/BTC,0.000001,1.165139    
2020/06/01 12:10:26.662621    BID    DOGE/USDT,0.002758,1.165139    
2020/06/01 12:10:26.662621    ASK    ETH/BTC,0.024572,0.010262    
2020/06/01 12:10:26.662621    BID    ETH/USDT,240.953117,0.010262    
2020/06/01 12:10:31.667039    ASK    BTC/USDT,9500.360270,0.010076    
2020/06/01 12:10:31.667039    BID    DOGE/BTC,0.000001,1.167470    
2020/06/01 12:10:31.667039    BID    DOGE/USDT,0.002760,1.167470    
2020/06/01 12:10:31.667039    BID    ETH/BTC,0.025181,0.010262    
2020/06/01 12:10:31.667039    BID    ETH/USDT,240.660232,0.010262    
2020/06/01 12:10:36.670282    ASK    BTC/USDT,9498.534780,0.010065    
2020/06/01 12:10:36.670282    BID    DOGE/BTC,0.000001,1.169805    
2020/06/01 12:10:36.670282    BID    DOGE/USDT,0.002758,1.169805    
2020/06/01 12:10:36.670282    BID    ETH/BTC,0.025181,0.010282    
2020/06/01 12:10:36.670282    BID    ETH/USDT,240.519760,0.010282    
2020/06/01 12:10:41.674918    ASK    BTC/USDT,9500.000000,0.010055    
2020/06/01 12:10:41.674918    BID    DOGE/BTC,0.000001,1.172144    
2020/06/01 12:10:41.674918    BID    DOGE/USDT,0.002758,1.172144    
2020/06/01 12:10:41.674918    BID    ETH/BTC,0.025197,0.010303    
2020/06/01 12:10:41.674918    BID    ETH/USDT,240.299530,0.010303    
2020/06/01 12:10:46.679485    ASK    BTC/USDT,9500.000000,0.010045    
2020/06/01 12:10:46.679485    BID    DOGE/BTC,0.000001,1.174488    
2020/06/01 12:10:46.679485    BID    DOGE/USDT,0.002758,1.174488    
2020/06/01 12:10:46.679485    BID    ETH/BTC,0.025161,0.010323    
2020/06/01 12:10:46.679485    BID    ETH/USDT,240.000000,0.010323    
2020/06/01 12:10:51.683955    ASK    BTC/USDT,9500.360270,0.010035    
2020/06/01 12:10:51.683955    BID    DOGE/BTC,0.000001,1.176837    
2020/06/01 12:10:51.683955    BID    DOGE/USDT,0.002758,1.176837    
2020/06/01 12:10:51.683955    BID    ETH/BTC,0.025179,0.010344    
2020/06/01 12:10:51.683955    BID    ETH/USDT,240.000000,0.010344    
2020/06/01 12:10:56.688122    ASK    BTC/USDT,9497.000000,0.010024    
2020/06/01 12:10:56.688122    BID    DOGE/BTC,0.000001,1.178014    
2020/06/01 12:10:56.688122    BID    DOGE/USDT,0.002758,1.178014    
2020/06/01 12:10:56.688122    BID    ETH/BTC,0.025180,0.010365    
2020/06/01 12:10:56.688122    BID    ETH/USDT,240.660232,0.010365    
2020/06/01 12:11:01.693735    ASK    BTC/USDT,9495.454545,0.010014    
2020/06/01 12:11:01.693735    BID    DOGE/BTC,0.000001,1.180370    
2020/06/01 12:11:01.693735    BID    DOGE/USDT,0.002758,1.180370    
2020/06/01 12:11:01.693735    BID    ETH/BTC,0.025179,0.010385    
2020/06/01 12:11:01.693735    BID    ETH/USDT,240.810542,0.010385    
2020/06/01 12:11:06.698324    BID    BTC/USDT,9580.000000,0.010004    
2020/06/01 12:11:06.698324    BID    DOGE/BTC,0.000001,1.182731    
2020/06/01 12:11:06.698324    BID    DOGE/USDT,0.002758,1.182731    
2020/06/01 12:11:06.698324    BID    ETH/BTC,0.025179,0.010406    
2020/06/01 12:11:06.698324    BID    ETH/USDT,240.000000,0.010406    
2020/06/01 12:11:11.702237    BID    BTC/USDT,9580.488853,0.010013    
2020/06/01 12:11:11.702237    BID    DOGE/BTC,0.000001,1.185097    
2020/06/01 12:11:11.702237    BID    DOGE/USDT,0.002758,1.185097    
2020/06/01 12:11:11.702237    BID    ETH/BTC,0.025204,0.010427    
2020/06/01 12:11:11.702237    BID    ETH/USDT,240.519760,0.010427    
2020/06/01 12:11:16.707436    BID    BTC/USDT,9580.000000,0.010023    
2020/06/01 12:11:16.707436    BID    DOGE/BTC,0.000001,1.187467    
2020/06/01 12:11:16.707436    BID    DOGE/USDT,0.002758,1.187467    
2020/06/01 12:11:16.707436    BID    ETH/BTC,0.025181,0.010448    
2020/06/01 12:11:16.707436    BID    ETH/USDT,240.519760,0.010448    
2020/06/01 12:11:21.712176    BID    BTC/USDT,9580.000000,0.010033    
2020/06/01 12:11:21.712176    BID    DOGE/BTC,0.000001,1.188654    
2020/06/01 12:11:21.712176    BID    DOGE/USDT,0.002758,1.188654    
2020/06/01 12:11:21.712176    BID    ETH/BTC,0.025181,0.010458    
2020/06/01 12:11:21.712176    BID    ETH/USDT,240.660232,0.010458    
2020/06/01 12:11:26.717501    BID    BTC/USDT,9579.740835,0.010043    
2020/06/01 12:11:26.717501    BID    DOGE/BTC,0.000001,1.191031    
2020/06/01 12:11:26.717501    BID    DOGE/USDT,0.002758,1.191031    
2020/06/01 12:11:26.717501    BID    ETH/BTC,0.025179,0.010479    
2020/06/01 12:11:26.717501    BID    ETH/USDT,240.519760,0.010479    
2020/06/01 12:11:31.721789    BID    BTC/USDT,9579.749062,0.010053    
2020/06/01 12:11:31.721789    BID    DOGE/BTC,0.000001,1.193414    
2020/06/01 12:11:31.721789    BID    DOGE/USDT,0.002758,1.193414    
2020/06/01 12:11:31.721789    BID    ETH/BTC,0.025179,0.010490    
2020/06/01 12:11:31.721789    BID    ETH/USDT,239.659251,0.010490    
2020/06/01 12:11:36.727369    BID    BTC/USDT,9581.610800,0.010052    
2020/06/01 12:11:36.727369    BID    DOGE/BTC,0.000001,1.195800    
2020/06/01 12:11:36.727369    BID    DOGE/USDT,0.002750,1.195800    
2020/06/01 12:11:36.727369    BID    ETH/BTC,0.025197,0.010511    
2020/06/01 12:11:36.727369    BID    ETH/USDT,240.660232,0.010511    
2020/06/01 12:11:41.732209    BID    BTC/USDT,9590.000000,0.010062    
2020/06/01 12:11:41.732209    BID    DOGE/BTC,0.000001,1.196996    
2020/06/01 12:11:41.732209    BID    DOGE/USDT,0.002750,1.196996    
2020/06/01 12:11:41.732209    ASK    ETH/BTC,0.024564,0.010532    
2020/06/01 12:11:41.732209    BID    ETH/USDT,240.953117,0.010532    
2020/06/01 12:11:46.738230    BID    BTC/USDT,9586.092437,0.010063    
2020/06/01 12:11:46.738230    BID    DOGE/BTC,0.000001,1.198193    
2020/06/01 12:11:46.738230    BID    DOGE/USDT,0.002750,1.198193    
2020/06/01 12:11:46.738230    BID    ETH/BTC,0.025197,0.010532    
2020/06/01 12:11:46.738230    BID    ETH/USDT,240.660232,0.010532    
2020/06/01 12:11:51.744750    BID    BTC/USDT,9586.092437,0.010072    
2020/06/01 12:11:51.744750    BID    DOGE/BTC,0.000001,1.200590    
2020/06/01 12:11:51.744750    BID    DOGE/USDT,0.002758,1.200590    
2020/06/01 12:11:51.744750    BID    ETH/BTC,0.025204,0.010553    
2020/06/01 12:11:51.744750    ASK    ETH/USDT,233.100000,0.010553    
2020/06/01 12:11:56.751097    BID    BTC/USDT,9585.000000,0.010082    
2020/06/01 12:11:56.751097    BID    DOGE/BTC,0.000001,1.202991    
2020/06/01 12:11:56.751097    BID    DOGE/USDT,0.002750,1.202991    
2020/06/01 12:11:56.751097    BID    ETH/BTC,0.025204,0.010553    
2020/06/01 12:11:56.751097    BID    ETH/USDT,239.802762,0.010553    
2020/06/01 12:12:01.756203    BID    BTC/USDT,9580.605610,0.010082    
2020/06/01 12:12:01.756203    BID    DOGE/BTC,0.000001,1.205397    
2020/06/01 12:12:01.756203    BID    DOGE/USDT,0.002750,1.205397    
2020/06/01 12:12:01.756203    ASK    ETH/BTC,0.024570,0.010574    
2020/06/01 12:12:01.756203    ASK    ETH/USDT,232.811000,0.010574    
2020/06/01 12:12:06.762353    BID    BTC/USDT,9581.610800,0.010082    
2020/06/01 12:12:06.762353    BID    DOGE/BTC,0.000001,1.206602    
2020/06/01 12:12:06.762353    BID    DOGE/USDT,0.002750,1.206602    
2020/06/01 12:12:06.762353    ASK    ETH/BTC,0.024570,0.010553    
2020/06/01 12:12:06.762353    BID    ETH/USDT,240.660232,0.010553    
2020/06/01 12:12:11.767235    BID    BTC/USDT,9585.000000,0.010082    
2020/06/01 12:12:11.767235    BID    DOGE/BTC,0.000001,1.209015    
2020/06/01 12:12:11.767235    BID    DOGE/USDT,0.002750,1.209015    
2020/06/01 12:12:11.767235    BID    ETH/BTC,0.025181,0.010553    
2020/06/01 12:12:11.767235    BID    ETH/USDT,240.519760,0.010553    
2020/06/01 12:12:16.772602    BID    BTC/USDT,9581.610800,0.010082    
2020/06/01 12:12:16.772602    BID    DOGE/BTC,0.000001,1.211433    
2020/06/01 12:12:16.772602    BID    DOGE/USDT,0.002758,1.211433    
2020/06/01 12:12:16.772602    BID    ETH/BTC,0.025181,0.010574    
2020/06/01 12:12:16.772602    BID    ETH/USDT,240.660232,0.010574    
2020/06/01 12:12:21.777368    BID    BTC/USDT,9580.000000,0.010082    
2020/06/01 12:12:21.777368    BID    DOGE/BTC,0.000001,1.213856    
2020/06/01 12:12:21.777368    BID    DOGE/USDT,0.002758,1.213856    
2020/06/01 12:12:21.777368    BID    ETH/BTC,0.025179,0.010595    
2020/06/01 12:12:21.777368    BID    ETH/USDT,240.519760,0.010595    
2020/06/01 12:12:26.782277    BID    BTC/USDT,9581.610800,0.010082    
2020/06/01 12:12:26.782277    BID    DOGE/BTC,0.000001,1.216284    
2020/06/01 12:12:26.782277    BID    DOGE/USDT,0.002758,1.216284    
2020/06/01 12:12:26.782277    BID    ETH/BTC,0.025179,0.010616    
2020/06/01 12:12:26.782277    BID    ETH/USDT,240.660232,0.010616    
2020/06/01 12:12:31.787230    ASK    BTC/USDT,9493.813502,0.010081    
2020/06/01 12:12:31.787230    BID    DOGE/BTC,0.000001,1.218716    
2020/06/01 12:12:31.787230    BID    DOGE/USDT,0.002758,1.218716    
2020/06/01 12:12:31.787230    BID    ETH/BTC,0.025179,0.010637    
2020/06/01 12:12:31.787230    BID    ETH/USDT,240.519760,0.010637    
2020/06/01 12:12:36.792480    ASK    BTC/USDT,9497.000000,0.010071    
2020/06/01 12:12:36.792480    BID    DOGE/BTC,0.000001,1.221154    
2020/06/01 12:12:36.792480    BID    DOGE/USDT,0.002758,1.221154    
2020/06/01 12:12:36.792480    ASK    ETH/BTC,0.024590,0.010659    
2020/06/01 12:12:36.792480    ASK    ETH/USDT,233.248733,0.010659    
2020/06/01 12:12:41.797580    ASK    BTC/USDT,9495.057332,0.010061    
2020/06/01 12:12:41.797580    BID    DOGE/BTC,0.000001,1.222375    
2020/06/01 12:12:41.797580    BID    DOGE/USDT,0.002758,1.222375    
2020/06/01 12:12:41.797580    ASK    ETH/BTC,0.024572,0.010637    
2020/06/01 12:12:41.797580    ASK    ETH/USDT,232.608090,0.010637    
2020/06/01 12:12:46.801829    ASK    BTC/USDT,9497.000000,0.010051    
2020/06/01 12:12:46.801829    BID    DOGE/BTC,0.000001,1.224820    
2020/06/01 12:12:46.801829    BID    DOGE/USDT,0.002758,1.224820    
2020/06/01 12:12:46.801829    ASK    ETH/BTC,0.024590,0.010616    
2020/06/01 12:12:46.801829    BID    ETH/USDT,240.810542,0.010616    
2020/06/01 12:12:51.806784    ASK    BTC/USDT,9495.454545,0.010042    
2020/06/01 12:12:51.806784    BID    DOGE/BTC,0.000001,1.227269    
2020/06/01 12:12:51.806784    BID    DOGE/USDT,0.002758,1.227269    
2020/06/01 12:12:51.806784    BID    ETH/BTC,0.025200,0.010616    
2020/06/01 12:12:51.806784    BID    ETH/USDT,240.810542,0.010616    
2020/06/01 12:12:56.811889    ASK    BTC/USDT,9497.000000,0.010031    
2020/06/01 12:12:56.811889    BID    DOGE/BTC,0.000001,1.229724    
2020/06/01 12:12:56.811889    BID    DOGE/USDT,0.002758,1.229724    
2020/06/01 12:12:56.811889    ASK    ETH/BTC,0.024598,0.010627    
2020/06/01 12:12:56.811889    ASK    ETH/USDT,233.842000,0.010627    
2020/06/01 12:13:01.816584    ASK    BTC/USDT,9498.534780,0.010022    
2020/06/01 12:13:01.816584    BID    DOGE/BTC,0.000001,1.232183    
2020/06/01 12:13:01.816584    BID    DOGE/USDT,0.002758,1.232183    
2020/06/01 12:13:01.816584    BID    ETH/BTC,0.025179,0.010605    
2020/06/01 12:13:01.816584    ASK    ETH/USDT,233.800000,0.010605    
2020/06/01 12:13:06.820388    ASK    BTC/USDT,9500.000000,0.010012    
2020/06/01 12:13:06.820388    BID    DOGE/BTC,0.000001,1.234648    
2020/06/01 12:13:06.820388    BID    DOGE/USDT,0.002758,1.234648    
2020/06/01 12:13:06.820388    BID    ETH/BTC,0.025181,0.010595    
2020/06/01 12:13:06.820388    ASK    ETH/USDT,233.356788,0.010595    
2020/06/01 12:13:11.824651    ASK    BTC/USDT,9498.534780,0.010001    
2020/06/01 12:13:11.824651    BID    DOGE/BTC,0.000001,1.237117    
2020/06/01 12:13:11.824651    BID    DOGE/USDT,0.002758,1.237117    
2020/06/01 12:13:11.824651    ASK    ETH/BTC,0.024564,0.010595    
2020/06/01 12:13:11.824651    ASK    ETH/USDT,233.433920,0.010595    
2020/06/01 12:13:16.829025    BID    BTC/USDT,9580.000000,0.009991    
2020/06/01 12:13:16.829025    BID    DOGE/BTC,0.000001,1.239591    
2020/06/01 12:13:16.829025    BID    DOGE/USDT,0.002758,1.239591    
2020/06/01 12:13:16.829025    ASK    ETH/BTC,0.024561,0.010574    
2020/06/01 12:13:16.829025    BID    ETH/USDT,240.299530,0.010574    
2020/06/01 12:13:21.833336    ASK    BTC/USDT,9495.057332,0.010002    
2020/06/01 12:13:21.833336    BID    DOGE/BTC,0.000001,1.240831    
2020/06/01 12:13:21.833336    ASK    DOGE/USDT,0.002425,1.240831    
2020/06/01 12:13:21.833336    BID    ETH/BTC,0.025179,0.010563    
2020/06/01 12:13:21.833336    BID    ETH/USDT,240.299530,0.010563    
2020/06/01 12:13:26.837662    ASK    BTC/USDT,9494.200000,0.009991    
2020/06/01 12:13:26.837662    BID    DOGE/BTC,0.000001,1.240831    
2020/06/01 12:13:26.837662    ASK    DOGE/USDT,0.002419,1.240831    
2020/06/01 12:13:26.837662    ASK    ETH/BTC,0.024570,0.010584    
2020/06/01 12:13:26.837662    ASK    ETH/USDT,232.574421,0.010584    
2020/06/01 12:13:31.841755    ASK    BTC/USDT,9497.000000,0.009982    
2020/06/01 12:13:31.841755    BID    DOGE/BTC,0.000001,1.240831    
2020/06/01 12:13:31.841755    ASK    DOGE/USDT,0.002419,1.240831    
2020/06/01 12:13:31.841755    ASK    ETH/BTC,0.024561,0.010563    
2020/06/01 12:13:31.841755    ASK    ETH/USDT,232.574421,0.010563    
2020/06/01 12:13:36.846737    ASK    BTC/USDT,9498.534780,0.009972    
2020/06/01 12:13:36.846737    BID    DOGE/BTC,0.000001,1.239590    
2020/06/01 12:13:36.846737    ASK    DOGE/USDT,0.002419,1.239590    
2020/06/01 12:13:36.846737    ASK    ETH/BTC,0.024561,0.010542    
2020/06/01 12:13:36.846737    ASK    ETH/USDT,232.970133,0.010542    
2020/06/01 12:13:41.851461    BID    BTC/USDT,9580.000000,0.009962    
2020/06/01 12:13:41.851461    BID    DOGE/BTC,0.000001,1.239590    
2020/06/01 12:13:41.851461    ASK    DOGE/USDT,0.002419,1.239590    
2020/06/01 12:13:41.851461    ASK    ETH/BTC,0.024564,0.010521    
2020/06/01 12:13:41.851461    BID    ETH/USDT,240.953117,0.010521    
2020/06/01 12:13:46.856038    BID    BTC/USDT,9586.092437,0.009973    
2020/06/01 12:13:46.856038    BID    DOGE/BTC,0.000001,1.239590    
2020/06/01 12:13:46.856038    ASK    DOGE/USDT,0.002419,1.239590    
2020/06/01 12:13:46.856038    ASK    ETH/BTC,0.024572,0.010521    
2020/06/01 12:13:46.856038    BID    ETH/USDT,240.810542,0.010521    
2020/06/01 12:13:51.860925    BID    BTC/USDT,9586.092437,0.009983    
2020/06/01 12:13:51.860925    BID    DOGE/BTC,0.000001,1.239590    
2020/06/01 12:13:51.860925    ASK    DOGE/USDT,0.002419,1.239590    
2020/06/01 12:13:51.860925    ASK    ETH/BTC,0.024570,0.010521    
2020/06/01 12:13:51.860925    BID    ETH/USDT,240.810542,0.010521    
2020/06/01 12:13:56.864709    BID    BTC/USDT,9586.092437,0.009993    
2020/06/01 12:13:56.864709    BID    DOGE/BTC,0.000001,1.239590    
2020/06/01 12:13:56.864709    ASK    DOGE/USDT,0.002419,1.239590    
2020/06/01 12:13:56.864709    ASK    ETH/BTC,0.024572,0.010521    
2020/06/01 12:13:56.864709    BID    ETH/USDT,240.660232,0.010521    
2020/06/01 12:14:01.869265    ASK    BTC/USDT,9494.200000,0.010003    
2020/06/01 12:14:01.869265    BID    DOGE/BTC,0.000001,1.239590    
2020/06/01 12:14:01.869265    BID    DOGE/USDT,0.002767,1.239590    
2020/06/01 12:14:01.869265    BID    ETH/BTC,0.025179,0.010521    
2020/06/01 12:14:01.869265    ASK    ETH/USDT,233.500000,0.010521    
2020/06/01 12:14:06.873340    BID    BTC/USDT,9585.000000,0.009993    
2020/06/01 12:14:06.873340    BID    DOGE/BTC,0.000001,1.242069    
2020/06/01 12:14:06.873340    BID    DOGE/USDT,0.002767,1.242069    
2020/06/01 12:14:06.873340    ASK    ETH/BTC,0.024590,0.010521    
2020/06/01 12:14:06.873340    ASK    ETH/USDT,233.500000,0.010521    
2020/06/01 12:14:11.877298    ASK    BTC/USDT,9495.000000,0.010003    
2020/06/01 12:14:11.877298    BID    DOGE/BTC,0.000001,1.243311    
2020/06/01 12:14:11.877298    BID    DOGE/USDT,0.002767,1.243311    
2020/06/01 12:14:11.877298    BID    ETH/BTC,0.025161,0.010500    
2020/06/01 12:14:11.877298    ASK    ETH/USDT,233.356788,0.010500    
2020/06/01 12:14:16.881198    ASK    BTC/USDT,9495.000000,0.009993    
2020/06/01 12:14:16.881198    BID    DOGE/BTC,0.000001,1.245798    
2020/06/01 12:14:16.881198    BID    DOGE/USDT,0.002767,1.245798    
2020/06/01 12:14:16.881198    BID    ETH/BTC,0.025179,0.010500    
2020/06/01 12:14:16.881198    BID    ETH/USDT,240.519760,0.010500    
2020/06/01 12:14:21.885214    ASK    BTC/USDT,9495.454545,0.009983    
2020/06/01 12:14:21.885214    BID    DOGE/BTC,0.000001,1.248290    
2020/06/01 12:14:21.885214    BID    DOGE/USDT,0.002767,1.248290    
2020/06/01 12:14:21.885214    BID    ETH/BTC,0.025180,0.010521    
2020/06/01 12:14:21.885214    BID    ETH/USDT,240.519760,0.010521    
2020/06/01 12:14:26.889349    BID    BTC/USDT,9585.000000,0.009972    
2020/06/01 12:14:26.889349    BID    DOGE/BTC,0.000001,1.250786    
2020/06/01 12:14:26.889349    BID    DOGE/USDT,0.002767,1.250786    
2020/06/01 12:14:26.889349    ASK    ETH/BTC,0.024590,0.010542    
2020/06/01 12:14:26.889349    ASK    ETH/USDT,233.433920,0.010542    
2020/06/01 12:14:31.893241    BID    BTC/USDT,9585.000000,0.009983    
2020/06/01 12:14:31.893241    BID    DOGE/BTC,0.000001,1.253288    
2020/06/01 12:14:31.893241    BID    DOGE/USDT,0.002767,1.253288    
2020/06/01 12:14:31.893241    ASK    ETH/BTC,0.024572,0.010521    
2020/06/01 12:14:31.893241    BID    ETH/USDT,240.519760,0.010521    
2020/06/01 12:14:36.897370    BID    BTC/USDT,9581.610800,0.009993    
2020/06/01 12:14:36.897370    BID    DOGE/BTC,0.000001,1.254541    
2020/06/01 12:14:36.897370    BID    DOGE/USDT,0.002767,1.254541    
2020/06/01 12:14:36.897370    BID    ETH/BTC,0.025197,0.010521    
2020/06/01 12:14:36.897370    BID    ETH/USDT,239.802762,0.010521    
2020/06/01 12:14:41.902064    BID    BTC/USDT,9580.000000,0.009993    
2020/06/01 12:14:41.902064    BID    DOGE/BTC,0.000001,1.257050    
2020/06/01 12:14:41.902064    BID    DOGE/USDT,0.002767,1.257050    
2020/06/01 12:14:41.902064    BID    ETH/BTC,0.025207,0.010542    
2020/06/01 12:14:41.902064    BID    ETH/USDT,239.802762,0.010542    
2020/06/01 12:14:46.906624    BID    BTC/USDT,9581.610800,0.010002    
2020/06/01 12:14:46.906624    BID    DOGE/BTC,0.000001,1.259564    
2020/06/01 12:14:46.906624    BID    DOGE/USDT,0.002767,1.259564    
2020/06/01 12:14:46.906624    BID    ETH/BTC,0.025200,0.010563    
2020/06/01 12:14:46.906624    BID    ETH/USDT,240.519760,0.010563    
2020/06/01 12:14:51.911856    BID    BTC/USDT,9580.605610,0.010012    
2020/06/01 12:14:51.911856    BID    DOGE/BTC,0.000001,1.262083    
2020/06/01 12:14:51.911856    BID    DOGE/USDT,0.002767,1.262083    
2020/06/01 12:14:51.911856    BID    ETH/BTC,0.025200,0.010573    
2020/06/01 12:14:51.911856    ASK    ETH/USDT,232.283727,0.010573    
2020/06/01 12:14:56.916493    BID    BTC/USDT,9580.000000,0.010022    
2020/06/01 12:14:56.916493    BID    DOGE/BTC,0.000001,1.264607    
2020/06/01 12:14:56.916493    BID    DOGE/USDT,0.002767,1.264607    
2020/06/01 12:14:56.916493    ASK    ETH/BTC,0.024564,0.010573    
2020/06/01 12:14:56.916493    ASK    ETH/USDT,232.454545,0.010573    
2020/06/01 12:15:01.920865    BID    BTC/USDT,9580.000000,0.010032    
2020/06/01 12:15:01.920865    BID    DOGE/BTC,0.000001,1.267137    
2020/06/01 12:15:01.920865    ASK    DOGE/USDT,0.002419,1.267137    
2020/06/01 12:15:01.920865    ASK    ETH/BTC,0.024570,0.010552    
2020/06/01 12:15:01.920865    ASK    ETH/USDT,233.100000,0.010552    
2020/06/01 12:15:06.925448    BID    BTC/USDT,9575.922213,0.010032    
2020/06/01 12:15:06.925448    BID    DOGE/BTC,0.000001,1.267137    
2020/06/01 12:15:06.925448    ASK    DOGE/USDT,0.002420,1.267137    
2020/06/01 12:15:06.925448    ASK    ETH/BTC,0.024570,0.010531    
2020/06/01 12:15:06.925448    BID    ETH/USDT,241.117531,0.010531    
2020/06/01 12:15:11.931449    ASK    BTC/USDT,9492.600000,0.010043    
2020/06/01 12:15:11.931449    BID    DOGE/BTC,0.000001,1.267137    
2020/06/01 12:15:11.931449    ASK    DOGE/USDT,0.002420,1.267137    
2020/06/01 12:15:11.931449    BID    ETH/BTC,0.025216,0.010531    
2020/06/01 12:15:11.931449    ASK    ETH/USDT,232.574421,0.010531    
2020/06/01 12:15:16.935936    ASK    BTC/USDT,9493.813502,0.010032    
2020/06/01 12:15:16.935936    BID    DOGE/BTC,0.000001,1.267137    
2020/06/01 12:15:16.935936    ASK    DOGE/USDT,0.002420,1.267137    
2020/06/01 12:15:16.935936    BID    ETH/BTC,0.025180,0.010531    
2020/06/01 12:15:16.935936    ASK    ETH/USDT,233.100000,0.010531    
2020/06/01 12:15:21.940632    ASK    BTC/USDT,9499.200000,0.010022    
2020/06/01 12:15:21.940632    BID    DOGE/BTC,0.000001,1.267137    
2020/06/01 12:15:21.940632    BID    DOGE/USDT,0.002760,1.267137    
2020/06/01 12:15:21.940632    BID    ETH/BTC,0.025216,0.010531    
2020/06/01 12:15:21.940632    BID    ETH/USDT,240.519760,0.010531    
2020/06/01 12:15:26.945655    ASK    BTC/USDT,9497.000000,0.010012    
2020/06/01 12:15:26.945655    BID    DOGE/BTC,0.000001,1.269671    
2020/06/01 12:15:26.945655    BID    DOGE/USDT,0.002760,1.269671    
2020/06/01 12:15:26.945655    BID    ETH/BTC,0.025197,0.010552    
2020/06/01 12:15:26.945655    BID    ETH/USDT,240.299530,0.010552    
2020/06/01 12:15:31.950473    ASK    BTC/USDT,9498.534780,0.010002    
2020/06/01 12:15:31.950473    BID    DOGE/BTC,0.000001,1.272210    
2020/06/01 12:15:31.950473    BID    DOGE/USDT,0.002760,1.272210    
2020/06/01 12:15:31.950473    BID    ETH/BTC,0.025180,0.010573    
2020/06/01 12:15:31.950473    BID    ETH/USDT,240.299530,0.010573    
2020/06/01 12:15:36.955242    ASK    BTC/USDT,9499.200000,0.009991    
2020/06/01 12:15:36.955242    BID    DOGE/BTC,0.000001,1.274755    
2020/06/01 12:15:36.955242    BID    DOGE/USDT,0.002760,1.274755    
2020/06/01 12:15:36.955242    BID    ETH/BTC,0.025180,0.010594    
2020/06/01 12:15:36.955242    BID    ETH/USDT,240.299530,0.010594    
2020/06/01 12:15:41.960556    BID    BTC/USDT,9581.610800,0.009981    
2020/06/01 12:15:41.960556    BID    DOGE/BTC,0.000001,1.276030    
2020/06/01 12:15:41.960556    BID    DOGE/USDT,0.002760,1.276030    
2020/06/01 12:15:41.960556    BID    ETH/BTC,0.025180,0.010616    
2020/06/01 12:15:41.960556    BID    ETH/USDT,240.000000,0.010616    
2020/06/01 12:15:46.965450    BID    BTC/USDT,9575.922213,0.009991    
2020/06/01 12:15:46.965450    BID    DOGE/BTC,0.000001,1.277306    
2020/06/01 12:15:46.965450    BID    DOGE/USDT,0.002760,1.277306    
2020/06/01 12:15:46.965450    BID    ETH/BTC,0.025200,0.010626    
2020/06/01 12:15:46.965450    BID    ETH/USDT,240.299530,0.010626    
2020/06/01 12:15:51.970187    BID    BTC/USDT,9580.000000,0.010001    
2020/06/01 12:15:51.970187    BID    DOGE/BTC,0.000001,1.279860    
2020/06/01 12:15:51.970187    BID    DOGE/USDT,0.002760,1.279860    
2020/06/01 12:15:51.970187    ASK    ETH/BTC,0.024564,0.010647    
2020/06/01 12:15:51.970187    BID    ETH/USDT,240.810542,0.010647    
2020/06/01 12:15:56.974606    BID    BTC/USDT,9580.000000,0.010011    
2020/06/01 12:15:56.974606    BID    DOGE/BTC,0.000001,1.282420    
2020/06/01 12:15:56.974606    BID    DOGE/USDT,0.002760,1.282420    
2020/06/01 12:15:56.974606    ASK    ETH/BTC,0.024590,0.010647    
2020/06/01 12:15:56.974606    BID    ETH/USDT,241.117531,0.010647    
2020/06/01 12:16:01.979403    ASK    BTC/USDT,9493.813502,0.010021    
2020/06/01 12:16:01.979403    BID    DOGE/BTC,0.000001,1.284985    
2020/06/01 12:16:01.979403    BID    DOGE/USDT,0.002760,1.284985    
2020/06/01 12:16:01.979403    BID    ETH/BTC,0.025161,0.010647    
2020/06/01 12:16:01.979403    ASK    ETH/USDT,233.740349,0.010647    
2020/06/01 12:16:06.984066    ASK    BTC/USDT,9495.000000,0.010011    
2020/06/01 12:16:06.984066    BID    DOGE/BTC,0.000001,1.287555    
2020/06/01 12:16:06.984066    BID    DOGE/USDT,0.002760,1.287555    
2020/06/01 12:16:06.984066    ASK    ETH/BTC,0.024598,0.010647    
2020/06/01 12:16:06.984066    ASK    ETH/USDT,233.740349,0.010647    
2020/06/01 12:16:11.989996    ASK    BTC/USDT,9495.200000,0.010001    
2020/06/01 12:16:11.989996    BID    DOGE/BTC,0.000001,1.290130    
2020/06/01 12:16:11.989996    BID    DOGE/USDT,0.002760,1.290130    
2020/06/01 12:16:11.989996    ASK    ETH/BTC,0.024590,0.010626    
2020/06/01 12:16:11.989996    ASK    ETH/USDT,233.740349,0.010626    
2020/06/01 12:16:16.996972    BID    BTC/USDT,9580.000000,0.009991    
2020/06/01 12:16:16.996972    BID    DOGE/BTC,0.000001,1.292710    
2020/06/01 12:16:16.996972    BID    DOGE/USDT,0.002760,1.292710    
2020/06/01 12:16:16.996972    ASK    ETH/BTC,0.024586,0.010605    
2020/06/01 12:16:16.996972    ASK    ETH/USDT,233.740349,0.010605    
2020/06/01 12:16:22.003020    ASK    BTC/USDT,9498.534780,0.010002    
2020/06/01 12:16:22.003020    BID    DOGE/BTC,0.000001,1.294003    
2020/06/01 12:16:22.003020    BID    DOGE/USDT,0.002760,1.294003    
2020/06/01 12:16:22.003020    ASK    ETH/BTC,0.024564,0.010584    
2020/06/01 12:16:22.003020    ASK    ETH/USDT,233.356788,0.010584    
2020/06/01 12:16:27.009874    ASK    BTC/USDT,9500.360270,0.009992    
2020/06/01 12:16:27.009874    BID    DOGE/BTC,0.000001,1.295297    
2020/06/01 12:16:27.009874    BID    DOGE/USDT,0.002760,1.295297    
2020/06/01 12:16:27.009874    ASK    ETH/BTC,0.024561,0.010563    
2020/06/01 12:16:27.009874    ASK    ETH/USDT,233.740349,0.010563    
2020/06/01 12:16:32.016112    ASK    BTC/USDT,9497.000000,0.009982    
2020/06/01 12:16:32.016112    BID    DOGE/BTC,0.000001,1.297887    
2020/06/01 12:16:32.016112    BID    DOGE/USDT,0.002760,1.297887    
2020/06/01 12:16:32.016112    ASK    ETH/BTC,0.024572,0.010541    
2020/06/01 12:16:32.016112    ASK    ETH/USDT,233.842000,0.010541    
2020/06/01 12:16:37.022880    ASK    BTC/USDT,9495.000000,0.009972    
2020/06/01 12:16:37.022880    BID    DOGE/BTC,0.000001,1.300483    
2020/06/01 12:16:37.022880    BID    DOGE/USDT,0.002760,1.300483    
2020/06/01 12:16:37.022880    ASK    ETH/BTC,0.024586,0.010520    
2020/06/01 12:16:37.022880    ASK    ETH/USDT,233.740349,0.010520    
2020/06/01 12:16:42.029251    ASK    BTC/USDT,9501.000000,0.009963    
2020/06/01 12:16:42.029251    BID    DOGE/BTC,0.000001,1.303084    
2020/06/01 12:16:42.029251    BID    DOGE/USDT,0.002760,1.303084    
2020/06/01 12:16:42.029251    ASK    ETH/BTC,0.024570,0.010499    
2020/06/01 12:16:42.029251    ASK    ETH/USDT,233.740349,0.010499    
2020/06/01 12:16:47.034878    ASK    BTC/USDT,9500.470726,0.009953    
2020/06/01 12:16:47.034878    BID    DOGE/BTC,0.000001,1.305690    
2020/06/01 12:16:47.034878    BID    DOGE/USDT,0.002758,1.305690    
2020/06/01 12:16:47.034878    ASK    ETH/BTC,0.024572,0.010478    
2020/06/01 12:16:47.034878    ASK    ETH/USDT,232.574421,0.010478    
2020/06/01 12:16:52.040596    ASK    BTC/USDT,9502.872481,0.009943    
2020/06/01 12:16:52.040596    BID    DOGE/BTC,0.000001,1.308302    
2020/06/01 12:16:52.040596    BID    DOGE/USDT,0.002758,1.308302    
2020/06/01 12:16:52.040596    ASK    ETH/BTC,0.024586,0.010457    
2020/06/01 12:16:52.040596    ASK    ETH/USDT,233.740349,0.010457    
2020/06/01 12:16:57.045372    ASK    BTC/USDT,9500.466339,0.009934    
2020/06/01 12:16:57.045372    BID    DOGE/BTC,0.000001,1.310918    
2020/06/01 12:16:57.045372    BID    DOGE/USDT,0.002760,1.310918    
2020/06/01 12:16:57.045372    ASK    ETH/BTC,0.024586,0.010436    
2020/06/01 12:16:57.045372    ASK    ETH/USDT,233.800000,0.010436    
2020/06/01 12:17:02.049843    ASK    BTC/USDT,9500.466339,0.009924    
2020/06/01 12:17:02.049843    BID    DOGE/BTC,0.000001,1.313540    
2020/06/01 12:17:02.049843    BID    DOGE/USDT,0.002758,1.313540    
2020/06/01 12:17:02.049843    ASK    ETH/BTC,0.024586,0.010416    
2020/06/01 12:17:02.049843    ASK    ETH/USDT,233.918781,0.010416    
2020/06/01 12:17:07.054071    ASK    BTC/USDT,9500.466339,0.009914    
2020/06/01 12:17:07.054071    BID    DOGE/BTC,0.000001,1.316167    
2020/06/01 12:17:07.054071    BID    DOGE/USDT,0.002760,1.316167    
2020/06/01 12:17:07.054071    BID    ETH/BTC,0.025180,0.010395    
2020/06/01 12:17:07.054071    BID    ETH/USDT,240.299530,0.010395    
2020/06/01 12:17:12.059409    ASK    BTC/USDT,9500.466339,0.009904    
2020/06/01 12:17:12.059409    BID    DOGE/BTC,0.000001,1.318799    
2020/06/01 12:17:12.059409    BID    DOGE/USDT,0.002758,1.318799    
2020/06/01 12:17:12.059409    BID    ETH/BTC,0.025200,0.010416    
2020/06/01 12:17:12.059409    BID    ETH/USDT,239.800000,0.010416    
2020/06/01 12:17:17.063890    ASK    BTC/USDT,9500.466339,0.009894    
2020/06/01 12:17:17.063890    BID    DOGE/BTC,0.000001,1.321437    
2020/06/01 12:17:17.063890    BID    DOGE/USDT,0.002758,1.321437    
2020/06/01 12:17:17.063890    BID    ETH/BTC,0.025180,0.010426    
2020/06/01 12:17:17.063890    BID    ETH/USDT,239.802762,0.010426    
2020/06/01 12:17:22.068473    ASK    BTC/USDT,9500.466339,0.009884    
2020/06/01 12:17:22.068473    BID    DOGE/BTC,0.000001,1.324080    
2020/06/01 12:17:22.068473    BID    DOGE/USDT,0.002760,1.324080    
2020/06/01 12:17:22.068473    BID    ETH/BTC,0.025158,0.010447    
2020/06/01 12:17:22.068473    ASK    ETH/USDT,233.842000,0.010447    
2020/06/01 12:17:27.074370    ASK    BTC/USDT,9497.000000,0.009874    
2020/06/01 12:17:27.074370    BID    DOGE/BTC,0.000001,1.326728    
2020/06/01 12:17:27.074370    BID    DOGE/USDT,0.002758,1.326728    
2020/06/01 12:17:27.074370    ASK    ETH/BTC,0.024619,0.010447    
2020/06/01 12:17:27.074370    ASK    ETH/USDT,233.740349,0.010447    
2020/06/01 12:17:32.077975    ASK    BTC/USDT,9497.000000,0.009864    
2020/06/01 12:17:32.077975    BID    DOGE/BTC,0.000001,1.329382    
2020/06/01 12:17:32.077975    BID    DOGE/USDT,0.002758,1.329382    
2020/06/01 12:17:32.077975    ASK    ETH/BTC,0.024600,0.010426    
2020/06/01 12:17:32.077975    ASK    ETH/USDT,233.356788,0.010426    
2020/06/01 12:17:37.081986    ASK    BTC/USDT,9500.000000,0.009854    
2020/06/01 12:17:37.081986    BID    DOGE/BTC,0.000001,1.332040    
2020/06/01 12:17:37.081986    BID    DOGE/USDT,0.002758,1.332040    
2020/06/01 12:17:37.081986    ASK    ETH/BTC,0.024606,0.010405    
2020/06/01 12:17:37.081986    ASK    ETH/USDT,233.800000,0.010405    
2020/06/01 12:17:42.086137    ASK    BTC/USDT,9498.534780,0.009845    
2020/06/01 12:17:42.086137    BID    DOGE/BTC,0.000001,1.334704    
2020/06/01 12:17:42.086137    BID    DOGE/USDT,0.002760,1.334704    
2020/06/01 12:17:42.086137    ASK    ETH/BTC,0.024606,0.010384    
2020/06/01 12:17:42.086137    ASK    ETH/USDT,233.918781,0.010384    
2020/06/01 12:17:47.090687    ASK    BTC/USDT,9498.534780,0.009835    
2020/06/01 12:17:47.090687    BID    DOGE/BTC,0.000001,1.336039    
2020/06/01 12:17:47.090687    BID    DOGE/USDT,0.002760,1.336039    
2020/06/01 12:17:47.090687    ASK    ETH/BTC,0.024606,0.010363    
2020/06/01 12:17:47.090687    ASK    ETH/USDT,234.000000,0.010363    
2020/06/01 12:17:52.094674    ASK    BTC/USDT,9498.534780,0.009826    
2020/06/01 12:17:52.094674    BID    DOGE/BTC,0.000001,1.338711    
2020/06/01 12:17:52.094674    BID    DOGE/USDT,0.002758,1.338711    
2020/06/01 12:17:52.094674    ASK    ETH/BTC,0.024606,0.010343    
2020/06/01 12:17:52.094674    ASK    ETH/USDT,234.000000,0.010343    
2020/06/01 12:17:57.099570    BID    BTC/USDT,9586.092437,0.009816    
2020/06/01 12:17:57.099570    BID    DOGE/BTC,0.000001,1.340050    
2020/06/01 12:17:57.099570    BID    DOGE/USDT,0.002760,1.340050    
2020/06/01 12:17:57.099570    ASK    ETH/BTC,0.024598,0.010322    
2020/06/01 12:17:57.099570    BID    ETH/USDT,240.660232,0.010322    
2020/06/01 12:18:02.103859    BID    BTC/USDT,9586.092437,0.009826    
2020/06/01 12:18:02.103859    BID    DOGE/BTC,0.000001,1.342730    
2020/06/01 12:18:02.103859    BID    DOGE/USDT,0.002760,1.342730    
2020/06/01 12:18:02.103859    BID    ETH/BTC,0.025197,0.010322    
2020/06/01 12:18:02.103859    BID    ETH/USDT,240.000000,0.010322    
2020/06/01 12:18:07.109104    BID    BTC/USDT,9585.000000,0.009836    
2020/06/01 12:18:07.109104    BID    DOGE/BTC,0.000001,1.345415    
2020/06/01 12:18:07.109104    BID    DOGE/USDT,0.002760,1.345415    
2020/06/01 12:18:07.109104    ASK    ETH/BTC,0.024606,0.010322    
2020/06/01 12:18:07.109104    BID    ETH/USDT,239.802762,0.010322    
2020/06/01 12:18:12.115612    BID    BTC/USDT,9585.000000,0.009846    
2020/06/01 12:18:12.115612    BID    DOGE/BTC,0.000001,1.345415    
2020/06/01 12:18:12.115612    BID    DOGE/USDT,0.002758,1.345415    
2020/06/01 12:18:12.115612    ASK    ETH/BTC,0.024606,0.010322    
2020/06/01 12:18:12.115612    BID    ETH/USDT,240.000000,0.010322    
2020/06/01 12:18:17.121679    BID    BTC/USDT,9585.000000,0.009856    
2020/06/01 12:18:17.121679    BID    DOGE/BTC,0.000001,1.346761    
2020/06/01 12:18:17.121679    BID    DOGE/USDT,0.002760,1.346761    
2020/06/01 12:18:17.121679    ASK    ETH/BTC,0.024598,0.010322    
2020/06/01 12:18:17.121679    ASK    ETH/USDT,233.532392,0.010322    
2020/06/01 12:18:22.127874    BID    BTC/USDT,9585.000000,0.009866    
2020/06/01 12:18:22.127874    BID    DOGE/BTC,0.000001,1.349454    
2020/06/01 12:18:22.127874    BID    DOGE/USDT,0.002760,1.349454    
2020/06/01 12:18:22.127874    ASK    ETH/BTC,0.024586,0.010301    
2020/06/01 12:18:22.127874    ASK    ETH/USDT,233.948542,0.010301    
2020/06/01 12:18:27.134105    ASK    BTC/USDT,9497.000000,0.009876    
2020/06/01 12:18:27.134105    BID    DOGE/BTC,0.000001,1.352153    
2020/06/01 12:18:27.134105    BID    DOGE/USDT,0.002758,1.352153    
2020/06/01 12:18:27.134105    ASK    ETH/BTC,0.024598,0.010281    
2020/06/01 12:18:27.134105    ASK    ETH/USDT,234.000000,0.010281    
2020/06/01 12:18:32.140635    BID    BTC/USDT,9585.000000,0.009867    
2020/06/01 12:18:32.140635    BID    DOGE/BTC,0.000001,1.354858    
2020/06/01 12:18:32.140635    BID    DOGE/USDT,0.002760,1.354858    
2020/06/01 12:18:32.140635    ASK    ETH/BTC,0.024598,0.010260    
2020/06/01 12:18:32.140635    ASK    ETH/USDT,233.800000,0.010260    
2020/06/01 12:18:37.146371    ASK    BTC/USDT,9495.454545,0.009877    
2020/06/01 12:18:37.146371    BID    DOGE/BTC,0.000001,1.357567    
2020/06/01 12:18:37.146371    BID    DOGE/USDT,0.002758,1.357567    
2020/06/01 12:18:37.146371    ASK    ETH/BTC,0.024598,0.010240    
2020/06/01 12:18:37.146371    ASK    ETH/USDT,233.100000,0.010240    
2020/06/01 12:18:42.152867    ASK    BTC/USDT,9497.000000,0.009867    
2020/06/01 12:18:42.152867    BID    DOGE/BTC,0.000001,1.358925    
2020/06/01 12:18:42.152867    BID    DOGE/USDT,0.002758,1.358925    
2020/06/01 12:18:42.152867    BID    ETH/BTC,0.025197,0.010219    
2020/06/01 12:18:42.152867    ASK    ETH/USDT,233.800000,0.010219    
2020/06/01 12:18:47.159725    ASK    BTC/USDT,9497.000000,0.009857    
2020/06/01 12:18:47.159725    BID    DOGE/BTC,0.000001,1.361643    
2020/06/01 12:18:47.159725    BID    DOGE/USDT,0.002758,1.361643    
2020/06/01 12:18:47.159725    ASK    ETH/BTC,0.024600,0.010219    
2020/06/01 12:18:47.159725    ASK    ETH/USDT,233.800000,0.010219    
2020/06/01 12:18:52.165634    ASK    BTC/USDT,9500.360270,0.009847    
2020/06/01 12:18:52.165634    BID    DOGE/BTC,0.000001,1.363004    
2020/06/01 12:18:52.165634    BID    DOGE/USDT,0.002760,1.363004    
2020/06/01 12:18:52.165634    ASK    ETH/BTC,0.024600,0.010199    
2020/06/01 12:18:52.165634    ASK    ETH/USDT,233.800000,0.010199    
2020/06/01 12:18:57.169839    ASK    BTC/USDT,9500.360270,0.009838    
2020/06/01 12:18:57.169839    BID    DOGE/BTC,0.000001,1.365730    
2020/06/01 12:18:57.169839    BID    DOGE/USDT,0.002758,1.365730    
2020/06/01 12:18:57.169839    ASK    ETH/BTC,0.024598,0.010178    
2020/06/01 12:18:57.169839    ASK    ETH/USDT,233.800000,0.010178    
2020/06/01 12:19:02.174945    ASK    BTC/USDT,9500.000000,0.009828    
2020/06/01 12:19:02.174945    BID    DOGE/BTC,0.000001,1.368462    
2020/06/01 12:19:02.174945    BID    DOGE/USDT,0.002758,1.368462    
2020/06/01 12:19:02.174945    ASK    ETH/BTC,0.024586,0.010158    
2020/06/01 12:19:02.174945    ASK    ETH/USDT,233.356788,0.010158    
2020/06/01 12:19:07.178549    ASK    BTC/USDT,9500.000000,0.009819    
2020/06/01 12:19:07.178549    BID    DOGE/BTC,0.000001,1.371199    
2020/06/01 12:19:07.178549    BID    DOGE/USDT,0.002760,1.371199    
2020/06/01 12:19:07.178549    ASK    ETH/BTC,0.024590,0.010138    
2020/06/01 12:19:07.178549    ASK    ETH/USDT,233.800000,0.010138    
2020/06/01 12:19:12.183928    ASK    BTC/USDT,9500.466339,0.009809    
2020/06/01 12:19:12.183928    BID    DOGE/BTC,0.000001,1.372570    
2020/06/01 12:19:12.183928    BID    DOGE/USDT,0.002758,1.372570    
2020/06/01 12:19:12.183928    ASK    ETH/BTC,0.024590,0.010117    
2020/06/01 12:19:12.183928    ASK    ETH/USDT,233.740349,0.010117    
2020/06/01 12:19:17.189879    BID    BTC/USDT,9585.000000,0.009800    
2020/06/01 12:19:17.189879    BID    DOGE/BTC,0.000001,1.375315    
2020/06/01 12:19:17.189879    BID    DOGE/USDT,0.002758,1.375315    
2020/06/01 12:19:17.189879    ASK    ETH/BTC,0.024586,0.010097    
2020/06/01 12:19:17.189879    ASK    ETH/USDT,233.842000,0.010097    
2020/06/01 12:19:22.195842    ASK    BTC/USDT,9500.466339,0.009810    
2020/06/01 12:19:22.195842    BID    DOGE/BTC,0.000001,1.376690    
2020/06/01 12:19:22.195842    BID    DOGE/USDT,0.002758,1.376690    
2020/06/01 12:19:22.195842    ASK    ETH/BTC,0.024590,0.010077    
2020/06/01 12:19:22.195842    ASK    ETH/USDT,233.800000,0.010077    
2020/06/01 12:19:27.202295    ASK    BTC/USDT,9501.000000,0.009800    
2020/06/01 12:19:27.202295    BID    DOGE/BTC,0.000001,1.379444    
2020/06/01 12:19:27.202295    BID    DOGE/USDT,0.002758,1.379444    
2020/06/01 12:19:27.202295    BID    ETH/BTC,0.025179,0.010057    
2020/06/01 12:19:27.202295    ASK    ETH/USDT,233.800000,0.010057    
2020/06/01 12:19:32.208540    ASK    BTC/USDT,9500.470726,0.009790    
2020/06/01 12:19:32.208540    BID    DOGE/BTC,0.000001,1.382203    
2020/06/01 12:19:32.208540    BID    DOGE/USDT,0.002758,1.382203    
2020/06/01 12:19:32.208540    BID    ETH/BTC,0.025181,0.010057    
2020/06/01 12:19:32.208540    ASK    ETH/USDT,233.800000,0.010057    
2020/06/01 12:19:37.214631    ASK    BTC/USDT,9500.466339,0.009780    
2020/06/01 12:19:37.214631    BID    DOGE/BTC,0.000001,1.384967    
2020/06/01 12:19:37.214631    BID    DOGE/USDT,0.002760,1.384967    
2020/06/01 12:19:37.214631    BID    ETH/BTC,0.025179,0.010057    
2020/06/01 12:19:37.214631    ASK    ETH/USDT,233.800000,0.010057    
2020/06/01 12:19:42.219944    ASK    BTC/USDT,9500.466339,0.009770    
2020/06/01 12:19:42.219944    BID    DOGE/BTC,0.000001,1.387737    
2020/06/01 12:19:42.219944    BID    DOGE/USDT,0.002758,1.387737    
2020/06/01 12:19:42.219944    BID    ETH/BTC,0.025179,0.010057    
2020/06/01 12:19:42.219944    ASK    ETH/USDT,233.800000,0.010057    
2020/06/01 12:19:47.225904    ASK    BTC/USDT,9500.000000,0.009760    
2020/06/01 12:19:47.225904    BID    DOGE/BTC,0.000001,1.390513    
2020/06/01 12:19:47.225904    BID    DOGE/USDT,0.002758,1.390513    
2020/06/01 12:19:47.225904    BID    ETH/BTC,0.025179,0.010057    
2020/06/01 12:19:47.225904    ASK    ETH/USDT,233.800000,0.010057    
2020/06/01 12:19:52.232142    ASK    BTC/USDT,9500.360270,0.009750    
2020/06/01 12:19:52.232142    BID    DOGE/BTC,0.000001,1.393294    
2020/06/01 12:19:52.232142    BID    DOGE/USDT,0.002758,1.393294    
2020/06/01 12:19:52.232142    BID    ETH/BTC,0.025179,0.010057    
2020/06/01 12:19:52.232142    ASK    ETH/USDT,233.800000,0.010057    
2020/06/01 12:19:57.237701    ASK    BTC/USDT,9500.000000,0.009740    
2020/06/01 12:19:57.237701    BID    DOGE/BTC,0.000001,1.396080    
2020/06/01 12:19:57.237701    BID    DOGE/USDT,0.002758,1.396080    
2020/06/01 12:19:57.237701    BID    ETH/BTC,0.025179,0.010057    
2020/06/01 12:19:57.237701    ASK    ETH/USDT,233.800000,0.010057    
2020/06/01 12:20:02.244283    BID    BTC/USDT,9585.000000,0.009730    
2020/06/01 12:20:02.244283    BID    DOGE/BTC,0.000001,1.398872    
2020/06/01 12:20:02.244283    ASK    DOGE/USDT,0.002425,1.398872    
2020/06/01 12:20:02.244283    BID    ETH/BTC,0.025179,0.010057    
2020/06/01 12:20:02.244283    ASK    ETH/USDT,232.574421,0.010057    
2020/06/01 12:20:07.250130    BID    BTC/USDT,9580.000000,0.009739    
2020/06/01 12:20:07.250130    BID    DOGE/BTC,0.000001,1.398872    
2020/06/01 12:20:07.250130    BID    DOGE/USDT,0.002758,1.398872    
2020/06/01 12:20:07.250130    BID    ETH/BTC,0.025200,0.010057    
2020/06/01 12:20:07.250130    ASK    ETH/USDT,232.970133,0.010057    
2020/06/01 12:20:12.255684    BID    BTC/USDT,9580.605610,0.009749    
2020/06/01 12:20:12.255684    BID    DOGE/BTC,0.000001,1.401670    
2020/06/01 12:20:12.255684    BID    DOGE/USDT,0.002758,1.401670    
2020/06/01 12:20:12.255684    BID    ETH/BTC,0.025180,0.010057    
2020/06/01 12:20:12.255684    BID    ETH/USDT,240.299530,0.010057    
2020/06/01 12:20:17.261317    BID    BTC/USDT,9580.000000,0.009759    
2020/06/01 12:20:17.261317    BID    DOGE/BTC,0.000001,1.404473    
2020/06/01 12:20:17.261317    BID    DOGE/USDT,0.002758,1.404473    
2020/06/01 12:20:17.261317    BID    ETH/BTC,0.025180,0.010067    
2020/06/01 12:20:17.261317    BID    ETH/USDT,239.802762,0.010067    
2020/06/01 12:20:22.267226    BID    BTC/USDT,9585.000000,0.009768    
2020/06/01 12:20:22.267226    BID    DOGE/BTC,0.000001,1.407282    
2020/06/01 12:20:22.267226    BID    DOGE/USDT,0.002758,1.407282    
2020/06/01 12:20:22.267226    BID    ETH/BTC,0.025179,0.010087    
2020/06/01 12:20:22.267226    BID    ETH/USDT,240.000000,0.010087    
2020/06/01 12:20:27.273346    BID    BTC/USDT,9585.000000,0.009778    
2020/06/01 12:20:27.273346    BID    DOGE/BTC,0.000001,1.410097    
2020/06/01 12:20:27.273346    BID    DOGE/USDT,0.002758,1.410097    
2020/06/01 12:20:27.273346    BID    ETH/BTC,0.025200,0.010107    
2020/06/01 12:20:27.273346    BID    ETH/USDT,240.660232,0.010107    
2020/06/01 12:20:32.279866    BID    BTC/USDT,9580.605610,0.009787    
2020/06/01 12:20:32.279866    BID    DOGE/BTC,0.000001,1.412917    
2020/06/01 12:20:32.279866    BID    DOGE/USDT,0.002758,1.412917    
2020/06/01 12:20:32.279866    ASK    ETH/BTC,0.024590,0.010127    
2020/06/01 12:20:32.279866    BID    ETH/USDT,240.299530,0.010127    
2020/06/01 12:20:37.286646    BID    BTC/USDT,9580.605610,0.009797    
2020/06/01 12:20:37.286646    BID    DOGE/BTC,0.000001,1.415743    
2020/06/01 12:20:37.286646    BID    DOGE/USDT,0.002758,1.415743    
2020/06/01 12:20:37.286646    ASK    ETH/BTC,0.024598,0.010127    
2020/06/01 12:20:37.286646    BID    ETH/USDT,240.299530,0.010127    
2020/06/01 12:20:42.292874    BID    BTC/USDT,9580.605610,0.009807    
2020/06/01 12:20:42.292874    BID    DOGE/BTC,0.000001,1.418574    
2020/06/01 12:20:42.292874    BID    DOGE/USDT,0.002758,1.418574    
2020/06/01 12:20:42.292874    ASK    ETH/BTC,0.024586,0.010127    
2020/06/01 12:20:42.292874    BID    ETH/USDT,240.299530,0.010127    
2020/06/01 12:20:47.298431    BID    BTC/USDT,9580.605610,0.009807    
2020/06/01 12:20:47.298431    BID    DOGE/BTC,0.000001,1.421412    
2020/06/01 12:20:47.298431    BID    DOGE/USDT,0.002758,1.421412    
2020/06/01 12:20:47.298431    ASK    ETH/BTC,0.024572,0.010127    
2020/06/01 12:20:47.298431    BID    ETH/USDT,240.000000,0.010127    
2020/06/01 12:20:52.305095    BID    BTC/USDT,9580.605610,0.009818    
2020/06/01 12:20:52.305095    BID    DOGE/BTC,0.000001,1.424254    
2020/06/01 12:20:52.305095    BID    DOGE/USDT,0.002758,1.424254    
2020/06/01 12:20:52.305095    ASK    ETH/BTC,0.024586,0.010127    
2020/06/01 12:20:52.305095    BID    ETH/USDT,240.000000,0.010127    
2020/06/01 12:20:57.311050    BID    BTC/USDT,9580.000000,0.009828    
2020/06/01 12:20:57.311050    BID    DOGE/BTC,0.000001,1.427103    
2020/06/01 12:20:57.311050    BID    DOGE/USDT,0.002758,1.427103    
2020/06/01 12:20:57.311050    BID    ETH/BTC,0.025181,0.010127    
2020/06/01 12:20:57.311050    BID    ETH/USDT,240.000000,0.010127    
2020/06/01 12:21:02.317807    BID    BTC/USDT,9580.000000,0.009837    
2020/06/01 12:21:02.317807    BID    DOGE/BTC,0.000001,1.429957    
2020/06/01 12:21:02.317807    BID    DOGE/USDT,0.002758,1.429957    
2020/06/01 12:21:02.317807    BID    ETH/BTC,0.025180,0.010148    
2020/06/01 12:21:02.317807    BID    ETH/USDT,240.000000,0.010148    
2020/06/01 12:21:07.324079    ASK    BTC/USDT,9486.872481,0.009847    
2020/06/01 12:21:07.324079    BID    DOGE/BTC,0.000001,1.431387    
2020/06/01 12:21:07.324079    BID    DOGE/USDT,0.002758,1.431387    
2020/06/01 12:21:07.324079    BID    ETH/BTC,0.025179,0.010158    
2020/06/01 12:21:07.324079    ASK    ETH/USDT,233.500000,0.010158    
2020/06/01 12:21:12.329777    ASK    BTC/USDT,9492.500000,0.009837    
2020/06/01 12:21:12.329777    BID    DOGE/BTC,0.000001,1.434250    
2020/06/01 12:21:12.329777    BID    DOGE/USDT,0.002758,1.434250    
2020/06/01 12:21:12.329777    ASK    ETH/BTC,0.024598,0.010158    
2020/06/01 12:21:12.329777    ASK    ETH/USDT,233.948542,0.010158    
2020/06/01 12:21:17.335962    ASK    BTC/USDT,9492.781852,0.009827    
2020/06/01 12:21:17.335962    BID    DOGE/BTC,0.000001,1.437118    
2020/06/01 12:21:17.335962    BID    DOGE/USDT,0.002758,1.437118    
2020/06/01 12:21:17.335962    ASK    ETH/BTC,0.024590,0.010138    
2020/06/01 12:21:17.335962    ASK    ETH/USDT,233.100000,0.010138    
2020/06/01 12:21:22.342336    ASK    BTC/USDT,9493.813502,0.009818    
2020/06/01 12:21:22.342336    BID    DOGE/BTC,0.000001,1.439993    
2020/06/01 12:21:22.342336    BID    DOGE/USDT,0.002758,1.439993    
2020/06/01 12:21:22.342336    BID    ETH/BTC,0.025181,0.010117    
2020/06/01 12:21:22.342336    BID    ETH/USDT,240.299530,0.010117    
2020/06/01 12:21:27.347938    ASK    BTC/USDT,9492.781852,0.009807    
2020/06/01 12:21:27.347938    BID    DOGE/BTC,0.000001,1.442873    
2020/06/01 12:21:27.347938    BID    DOGE/USDT,0.002758,1.442873    
2020/06/01 12:21:27.347938    BID    ETH/BTC,0.025181,0.010138    
2020/06/01 12:21:27.347938    BID    ETH/USDT,240.000000,0.010138    
2020/06/01 12:21:32.353583    ASK    BTC/USDT,9495.000000,0.009797    
2020/06/01 12:21:32.353583    BID    DOGE/BTC,0.000001,1.445758    
2020/06/01 12:21:32.353583    BID    DOGE/USDT,0.002758,1.445758    
2020/06/01 12:21:32.353583    BID    ETH/BTC,0.025180,0.010158    
2020/06/01 12:21:32.353583    BID    ETH/USDT,240.000000,0.010158    
2020/06/01 12:21:37.359228    ASK    BTC/USDT,9495.000000,0.009787    
2020/06/01 12:21:37.359228    BID    DOGE/BTC,0.000001,1.448650    
2020/06/01 12:21:37.359228    BID    DOGE/USDT,0.002758,1.448650    
2020/06/01 12:21:37.359228    BID    ETH/BTC,0.025180,0.010178    
2020/06/01 12:21:37.359228    BID    ETH/USDT,240.000000,0.010178    
2020/06/01 12:21:42.365284    ASK    BTC/USDT,9494.000000,0.009777    
2020/06/01 12:21:42.365284    BID    DOGE/BTC,0.000001,1.451547    
2020/06/01 12:21:42.365284    BID    DOGE/USDT,0.002758,1.451547    
2020/06/01 12:21:42.365284    BID    ETH/BTC,0.025179,0.010198    
2020/06/01 12:21:42.365284    BID    ETH/USDT,239.802762,0.010198    
2020/06/01 12:21:47.370920    ASK    BTC/USDT,9495.000000,0.009767    
2020/06/01 12:21:47.370920    BID    DOGE/BTC,0.000001,1.454450    
2020/06/01 12:21:47.370920    BID    DOGE/USDT,0.002758,1.454450    
2020/06/01 12:21:47.370920    BID    ETH/BTC,0.025179,0.010219    
2020/06/01 12:21:47.370920    BID    ETH/USDT,239.798733,0.010219    
2020/06/01 12:21:52.376632    ASK    BTC/USDT,9495.000000,0.009757    
2020/06/01 12:21:52.376632    BID    DOGE/BTC,0.000001,1.457359    
2020/06/01 12:21:52.376632    BID    DOGE/USDT,0.002758,1.457359    
2020/06/01 12:21:52.376632    BID    ETH/BTC,0.025179,0.010239    
2020/06/01 12:21:52.376632    ASK    ETH/USDT,233.800000,0.010239    
2020/06/01 12:21:57.381429    ASK    BTC/USDT,9495.209706,0.009747    
2020/06/01 12:21:57.381429    BID    DOGE/BTC,0.000001,1.460274    
2020/06/01 12:21:57.381429    BID    DOGE/USDT,0.002758,1.460274    
2020/06/01 12:21:57.381429    ASK    ETH/BTC,0.024600,0.010239    
2020/06/01 12:21:57.381429    ASK    ETH/USDT,233.800000,0.010239    
2020/06/01 12:22:02.387990    ASK    BTC/USDT,9495.000000,0.009738    
2020/06/01 12:22:02.387990    BID    DOGE/BTC,0.000001,1.463194    
2020/06/01 12:22:02.387990    BID    DOGE/USDT,0.002758,1.463194    
2020/06/01 12:22:02.387990    ASK    ETH/BTC,0.024600,0.010219    
2020/06/01 12:22:02.387990    ASK    ETH/USDT,233.918781,0.010219    
2020/06/01 12:22:07.393742    ASK    BTC/USDT,9494.000000,0.009728    
2020/06/01 12:22:07.393742    BID    DOGE/BTC,0.000001,1.466121    
2020/06/01 12:22:07.393742    BID    DOGE/USDT,0.002758,1.466121    
2020/06/01 12:22:07.393742    ASK    ETH/BTC,0.024598,0.010198    
2020/06/01 12:22:07.393742    ASK    ETH/USDT,233.918781,0.010198    
2020/06/01 12:22:12.398494    ASK    BTC/USDT,9495.000000,0.009719    
2020/06/01 12:22:12.398494    BID    DOGE/BTC,0.000001,1.467587    
2020/06/01 12:22:12.398494    BID    DOGE/USDT,0.002758,1.467587    
2020/06/01 12:22:12.398494    ASK    ETH/BTC,0.024600,0.010178    
2020/06/01 12:22:12.398494    BID    ETH/USDT,239.798733,0.010178    
2020/06/01 12:22:17.403054    ASK    BTC/USDT,9495.209706,0.009709    
2020/06/01 12:22:17.403054    BID    DOGE/BTC,0.000001,1.470522    
2020/06/01 12:22:17.403054    ASK    DOGE/USDT,0.002425,1.470522    
2020/06/01 12:22:17.403054    ASK    ETH/BTC,0.024598,0.010178    
2020/06/01 12:22:17.403054    BID    ETH/USDT,239.802762,0.010178    
2020/06/01 12:22:22.407038    ASK    BTC/USDT,9495.209706,0.009700    
2020/06/01 12:22:22.407038    BID    DOGE/BTC,0.000001,1.470522    
2020/06/01 12:22:22.407038    ASK    DOGE/USDT,0.002425,1.470522    
2020/06/01 12:22:22.407038    ASK    ETH/BTC,0.024598,0.010178    
2020/06/01 12:22:22.407038    ASK    ETH/USDT,233.800000,0.010178    
2020/06/01 12:22:27.411794    BID    BTC/USDT,9573.000000,0.009690    
2020/06/01 12:22:27.411794    BID    DOGE/BTC,0.000001,1.469052    
2020/06/01 12:22:27.411794    BID    DOGE/USDT,0.002758,1.469052    
